2362 4178
114 412 134 476 6
157 466 161 470 ,
242 427 245 434 ·
278 402 282 414 ’
518 407 668 464 Praefatio.

114 577 147 639 et
168 572 348 638 testimonio
369 572 439 635 'luo
464 570 617 653 singulari
639 590 691 635 me
714 573 870 654 perpetuo
892 569 1066 651 ornaveris,

83 673 85 678 ’
112 679 175 744 nisi
199 699 261 761 ego
285 679 333 744 Te
356 677 566 744 vehementer
588 677 721 759 diligam
742 682 774 743 et
789 697 992 761 summopere
1012 680 1067 743 ob-

113 806 240 853 servem
261 805 431 867 meumque
455 785 528 849 Tibi
551 785 658 866 aliqua
682 805 723 850 ex
745 790 837 867 parte
856 790 981 866 gratum
1000 784 1067 850 ani·

62 875 66 886 x
112 912 199 958 mum
227 891 405 973 ostendam,
438 892 640 974 inhumanus,
664 892 820 957 barbarus
843 890 979 956 iudicari
1003 913 1068 958 me·

111 1000 172 1065 rito
195 1000 326 1084 possim.
359 1018 550 1081 quamquam
582 998 666 1064 enim
696 999 763 1063 scio
791 998 839 1062 Te
864 990 937 1063 esse
960 998 1067 1064 animo

112 1115 179 1172 tam
211 1107 340 1173 excelso
371 1123 566 1188 magnoque,
601 1113 636 1170 ut
665 1104 742 1170 nihil
776 1124 917 1187 unquam
951 1105 986 1170 in
1016 1127 1068 1173 me

113 1214 209 1281 officii
232 1212 413 1296 contuleris,
445 1218 479 1278 ut
502 1212 639 1295 gratiam
662 1212 735 1277 Tibi
759 1232 780 1277 a
802 1231 854 1278 me
877 1212 990 1278 referri
1014 1222 1069 1280 aut

113 1325 323 1407 exspectares
347 1325 402 1384 aut
423 1319 534 1401 velles,
564 1324 673 1385 tamen
696 1318 777 1385 sicut
800 1320 850 1383 'Pu
874 1320 1067 1386 benevolen-

111 1428 189 1494 tiam
220 1428 323 1492 Tuam
353 1426 386 1491 in
416 1446 468 1492 me
497 1432 625 1492 exstare
652 1425 790 1509 voluisti,
821 1425 867 1492 ita
889 1426 966 1491 milri
989 1426 1067 1493 dan-

113 1535 189 1600 dam
222 1553 294 1600 esse
318 1552 451 1616 operam
475 1533 632 1615 existimo,
659 1538 694 1597 ut
717 1533 824 1615 aliquo
849 1533 962 1598 saltem
986 1533 1067 1617 vigi·

111 1641 225 1707 liarum
253 1659 396 1705 mearum
426 1641 613 1706 munusculo
648 1640 696 1706 Te
727 1639 874 1723 afficiam,
908 1637 942 1703 id
981 1639 1068 1722 quod

114 1748 175 1815 erit
198 1745 363 1828 eiusmodi,
388 1752 422 1810 ut
445 1767 510 1811 non
532 1768 553 1812 a
576 1767 626 1812 me
649 1746 856 1829 proficiscens
880 1747 922 1812 ad
945 1748 994 1814 Te
1013 1767 1068 1813 ve·

114 1853 191 1936 niet,
224 1850 283 1918 sed
314 1859 348 1917 ut
380 1853 438 1918 abs
462 1854 510 1919 Te
533 1853 621 1937 prius
644 1852 823 1938 profectum
846 1853 987 1935 mihique
1012 1853 1068 1919 do-

113 1965 223 2025 natum
244 1979 329 2024 nunc
352 1958 395 2023 ad
418 1960 466 2025 'Pe
489 1959 605 2025 reverti
627 1959 723 2025 valde
747 1959 862 2044 cupiat.
886 1960 995 2042 itaque
1019 1962 1067 2026 Tu

113 2071 244 2150 praeter
268 2071 397 2131 caetera
424 2067 495 2130 Tua
517 2066 549 2130 in
573 2086 624 2132 me
647 2065 760 2132 merita
787 2072 968 2132 currentem
989 2068 1067 2133 inci·

112 2172 198 2254 lasti,
223 2171 364 2238 mendici
387 2172 531 2238 omnibus
555 2172 651 2238 armis
674 2172 908 2256 praesidiisque
925 2173 1068 2241 destituti

111 2298 224 2363 peram
254 2277 427 2362 implevisti
458 2278 596 2360 quinque
632 2278 796 2344 codicibus
830 2281 1066 2365 manuscriptis,

112 2405 193 2467 quos
224 2385 347 2478 ingenti
378 2384 462 2451 aeris
493 2385 638 2470 pondere
664 2406 723 2469 per
753 2385 839 2451 viros
869 2386 917 2451 rei
945 2388 1067 2470 peritos

112 2491 286 2574 diligenter
308 2491 361 2557 vel
385 2491 616 2558 describendos
638 2492 691 2558 vel
715 2492 928 2559 conferendos
948 2496 1067 2561 curasti

111 2618 176 2663 non
199 2598 352 2680 ignorans
383 2598 525 2664 laborem
553 2599 754 2681 ingeniorum
778 2598 847 2665 sine
869 2599 986 2666 talibus
1010 2601 1067 2667 ad-

92 2704 260 2780 ,iumentis
283 2705 472 2787 plerumque
502 2724 620 2770 vanum
648 2724 721 2771 esse
750 2706 930 2786 multasque
953 2727 1067 2774 manus

111 2830 191 2875 onus
223 2810 324 2875 levius
357 2811 493 2891 efficere,
534 2810 680 2895 Apicium
714 2811 834 2878 habere
866 2832 929 2876 non
961 2833 1067 2897 pauca

31 2949 33 2954 ·
111 2936 194 2999 quae
225 2938 265 2983 ne
296 2917 412 3001 Apollo
437 2916 566 2999 quidem
588 2917 766 3000 intellegat,
797 2938 898 3002 opera
922 2918 1066 3003 Sibyllae

111 3023 141 3089 ei
173 3042 253 3106 opus
285 3043 367 3105 esse,
398 3024 488 3089 locos
518 3024 700 3089 innumeros
733 3024 902 3090 cimmeriis
924 3027 1067 3093 tenebris

109 3129 278 3211 involutos,
303 3136 401 3196 utne
424 3128 637 3196 Execestides
661 3130 789 3212 quidem
812 3130 898 3195 viam
922 3132 1067 3200 invenire

109 3236 223 3321 possit.

177 3341 266 3418 Quae
298 3362 348 3408 res
380 3343 517 3407 maxime
549 3343 654 3409 solent
684 3343 883 3426 antiquorum
907 3344 997 3411 libris
1021 3345 1066 3411 luss

108 3449 183 3514 bem
206 3448 325 3515 inferre
349 3469 408 3515 eae
431 3448 578 3515 videntur
602 3469 713 3517 omnes
744 3451 788 3516 ad
821 3451 1065 3537 depravandum

108 3555 171 3622 boc
193 3555 286 3640 Apici
311 3557 498 3641 opusculum
530 3556 741 3641 conspirasse,
773 3556 866 3625 buius
898 3559 983 3626 enim
1013 3581 1066 3628 co·
