2362 4178
189 417 235 484 90
492 418 555 474 Lib.
573 418 623 474 lv.
658 418 823 477 Paudectes

189 597 302 662 pones,
326 579 389 644 olei
411 578 572 644 modicum
594 580 827 663 superstillabis
849 586 882 646 et
905 600 978 646 eum
992 581 1124 647 ciminato

187 666 318 735 inferes.

260 758 333 821 168.
356 757 508 821 Patina
531 756 580 821 de
603 757 728 839 piris:
751 756 823 841 pira
846 757 932 821 elixa
954 763 988 822 et
1005 765 1127 844 purgum
1180 767 1181 798 ³

190 845 339 910 emedio
367 852 452 910 teres
483 866 555 909 cnm
585 846 709 927 pipere,
740 846 867 926 cimino,
897 846 1005 926 melle,
1032 867 1130 932 pamo,

189 933 372 1014 liquamine,
397 935 469 999 olco
493 933 630 999 modico.
655 935 725 997 oris
746 934 851 998 missis
871 935 1016 1020 patinam
1030 934 1132 1002 facies

189 1022 789 1175 ¹³¹¹'21‘blbbllssbldl3‘d
820 1110 963 1176 ana
992 1117 1033 1176 a
1066 1110 1135 1175 fs.
1180 1120 1181 1123 ψ

190 1198 308 1282 gida:
337 1198 471 1263 urticam
500 1199 652 1284 accipies,
681 1199 783 1278 laras,
818 1199 908 1263 colas
938 1220 999 1282 per
1029 1201 1137 1280 colum,

185 1289 363 1367 ,exiccabis
393 1288 427 1352 in
460 1289 569 1352 tabula
604 1307 676 1351 eam
714 1286 875 1352 concides.
906 1296 994 1353 teres
1024 1289 1139 1373 piperis

190 1378 348 1461 scripulos
379 1377 421 1439 X.
451 1375 617 1441 suffundes
645 1376 817 1456 liquamen,
855 1375 999 1442 fricabis
1031 1386 1140 1460 postes

191 1466 313 1530 adicies
336 1465 516 1545 liquaminis
539 1465 639 1529 ciatos
662 1465 704 1528 ll.
729 1465 792 1529 olei
814 1484 886 1529 unc.
902 1466 959 1529 Vl.
983 1468 1140 1532 caccabum

190 1554 324 1620 ferveat.
349 1573 421 1618 cum
444 1553 606 1632 terruerit,
630 1560 755 1618 coctum
777 1553 872 1617 tolles
887 1560 921 1616 ut
942 1553 1140 1636 refrigescat

189 1650 305 1726 postea
336 1642 479 1725 patinam
510 1641 660 1705 mundam
690 1661 885 1724 pernngues,
915 1641 1051 1725 frangas
1084 1662 1141 1708 ora

191 1740 263 1797 octo
295 1739 327 1796 et
356 1730 505 1811 agitabis.
536 1730 720 1813 perfundes.
745 1733 857 1794 subtus
884 1751 982 1813 supra
1006 1733 1141 1796 cinemm

191 1820 329 1970 calidqm
358 1819 484 1883 babeat.
518 1828 653 1898 coctum,
683 1819 777 1904 piper
811 1819 965 1882 minutum
998 1823 1142 1904 aspargis

190 1918 225 1974 et
245 1910 278 1972 in
293 1927 374 1971 eres.

263 1997 335 2059 170,
370 1995 521 2058 Patina
557 1994 605 2059 de
640 1994 852 2061 cidoneis:
892 1996 979 2060 mala
1011 1996 1141 2062 eidone·

193 2105 264 2150 cnm
289 2083 403 2168 porris,
426 2083 532 2162 melle,
555 2084 738 2164 liquamine,
763 2084 836 2148 oleo
852 2083 1012 2150 defricato
1026 2106 1142 2167 coques

192 2182 224 2239 et
246 2173 377 2252 inseres,
400 2172 452 2236 uel
475 2172 593 2236 clixnta
618 2192 659 2235 ex
681 2172 786 2236 melle.

262 2264 335 2327 171.
374 2260 560 2348 [llinutal
591 2259 640 2324 de
671 2261 862 2343 piscibus
891 2262 958 2325 vel
981 2260 1141 2349 isiciis]

192 2351 371 2415 Minutal
390 2349 607 2413 marinum:
631 2349 739 2431 pisces
761 2349 794 2411 in
814 2350 1001 2431 caccabum,
1023 2351 1142 2416 adicies

191 2439 364 2520 liquamen,
387 2439 503 2524 oleum,
527 2438 644 2517 vinum,
670 2444 799 2502 coctura
828 2457 944 2520 porros
975 2440 1141 2525 capitales,

193 2527 395 2592 coriandrum
427 2527 604 2589 minutatim
636 2525 787 2590 concides
829 2527 954 2590 isiciola
986 2527 1028 2593 de
1053 2528 1141 2611 pisci

191 2617 252 2681 bus
275 2616 395 2679 minuta
417 2613 530 2693 facies,
555 2622 587 2678 et
610 2614 726 2697 pulpas
751 2615 848 2699 piscis
872 2614 957 2679 cocti
981 2617 1140 2700 concupis,

250 2789 643 2858 ad168.p5ris‚pyraed
698 2805 760 2842 cam
784 2789 917 2844 funditur.
944 2821 977 2827 -
1007 2802 1141 2847 coctum

192 2877 234 2928 pr.
263 2860 344 2913 llum.
372 2892 401 2897 -
429 2860 579 2914 emedio
605 2861 644 2911 in-
698 2876 759 2913 cum
784 2859 876 2915 fuerit
901 2872 1041 2916 coctam
1064 2863 1140 2918 codd.

194 2932 333 2984 trinsecus
353 2932 457 2983 m-
471 2930 544 2984 torte
563 2930 643 2983 oris
697 2946 731 2982 an
751 2939 878 2985 coetae
895 2938 935 2999 p?

195 3003 317 3055 mistis
335 3018 384 3055 seu
403 3003 536 3054 mixtis
750 3002 787 3053 ad
808 3004 868 3055 lil.
887 3004 1050 3066 minutal,
1068 3016 1139 3071 περ’·

248 3073 285 3124 ad
300 3072 358 3125 169.
378 3073 574 3125 urticarum
587 3087 642 3124 non
697 3073 1141 3142 annuacduliigcnusssomtu.

194 3144 360 3196 rusticarum
380 3144 439 3195 loz.
459 3143 509 3196 scd
526 3143 643 3194 marina
697 3143 775 3226 quod
794 3141 844 3196 liat
863 3144 898 3198 dc
916 3145 1042 3228 piscibus
1061 3147 1141 3201 ethi

191 3231 260 3275 rum,
280 3213 640 3280 quacbenelaranturlil.
696 3215 746 3267 ciis
768 3214 955 3312 oleribusque
988 3217 1141 3272 minutati!

191 3299 209 3336 a
228 3301 296 3338 suco
320 3286 414 3338 viroso
438 3293 466 3338 et
490 3292 595 3337 urente.
618 3286 641 3336 si
696 3286 839 3338 concisis¹‘¹
865 3284 1027 3340 Isidor.‘20
1060 3289 1141 3347 222

83 3358 92 3369 '
192 3370 253 3409 eam
273 3355 589 3421 compositionemrecte
602 3355 639 3407 in
696 3357 769 3409 unde
796 3357 935 3419 ,rarium'
955 3326 1087 3413 Martiali
1102 3361 1142 3415 ll

190 3426 308 3493 rellego
322 3441 382 3478 eum
396 3442 455 3479 rnre
468 3427 573 3492 scripto
587 3441 641 3478 ova
695 3428 739 3488 32,
760 3429 800 3479 11
821 3428 991 3480 marinum
1010 3445 1049 3483 cx
1066 3431 1142 3499 piari*

190 3498 219 3550 in
236 3497 334 3564 patina
353 3495 443 3550 fracta
464 3497 642 3578 coagitantur
695 3497 748 3551 bus
776 3499 889 3552 marinis
915 3499 961 3552 3Ἱ
992 3508 1022 3554 et
1051 3501 1143 3556 urtie'u

191 3575 346 3636 posteaque
364 3568 420 3621 id
412 3584 456 3621 rus
473 3582 557 3636 super
575 3569 641 3621 urti-
696 3569 808 3624 marinis
818 3571 1064 3624 concinnatum—
1074 3574 1143 3627 nit·
