2362 4178
518 383 671 447 monuo.
1050 388 1069 455 7

114 547 207 616 diaes
230 567 306 615 maa.
323 553 396 615 sunt
414 546 543 630 quidem
567 547 589 613 ii
612 566 744 614 numero
768 545 941 614 admodum
965 547 1071 632 panni,

113 653 175 722 aed
193 654 355 738 ¹qnoniam
383 653 437 721 alii
469 673 540 721 oum
570 653 642 721 aliis
666 660 731 720 tam
754 652 786 719 in
809 653 915 720 multis
938 654 1071 722 truncis·
1109 676 1115 683 “

114 780 177 845 que
200 761 346 847 partibus
371 781 466 845 qnam
487 760 520 827 in
544 759 740 845 prodigiosis
771 751 886 827 erratis
914 768 1071 848 perpetuo

113 867 183 937 iere
207 873 320 936 tenore
344 866 534 936 exhibendis
558 867 689 934 miridoe
714 866 926 949 consentiunt,
950 865 1005 933 alii
1029 868 1071 934 ab

113 974 165 1041 his
186 975 220 1041 iu
244 979 377 1056 utraque
400 995 435 1042 re
458 974 618 1041 interdum
641 973 718 1040 haut
740 994 853 1060 parum
875 972 1070 1060 discrepent,

114 1101 173 1149 eos
203 1100 308 1164 noque
341 1101 382 1148 ox
412 1099 475 1148 uno
507 1074 611 1164 neque
643 1101 684 1148 ex
714 1079 811 1148 valdo
834 1080 939 1149 multis
964 1101 1070 1151 exem·

113 1186 260 1273 plaribus
276 1186 456 1272 descriptos
474 1186 573 1254 inisse
587 1186 783 1255 tensendum
801 1193 859 1257 est.
875 1192 949 1255 sunt
965 1187 1070 1270 etiam,

115 1292 158 1360 de
180 1294 325 1379 pluribus
348 1294 393 1361 ita
417 1314 489 1362 esse
512 1300 601 1379 puto,
632 1313 730 1361 mann
753 1293 927 1361 admodum
950 1293 1071 1361 tenenti

115 1400 237 1485 aoripti,
262 1399 402 1484 ideoque
426 1421 482 1469 eos
506 1406 616 1486 utpote
639 1402 681 1469 ab
705 1399 843 1469 indoctis
861 1400 999 1468 librariis
1016 1421 1070 1468 ex·

113 1513 223 1575 aratos
246 1506 332 1574 vitiis
355 1514 480 1576 soatere
504 1508 632 1576 minime
656 1507 768 1574 mirum
789 1515 847 1590 est,
873 1508 987 1594 quibus
1003 1507 1070 1591 qui·

114 1613 190 1681 dem
221 1613 386 1681 oodioibua
414 1614 539 1682 etiamsi
569 1614 666 1700 poulo
701 1613 918 1696 frequentiora
953 1613 1072 1683 menda

113 1719 329 1806 imepaisseut,
366 1720 613 1788 condonandum
648 1727 734 1788 esset
767 1721 956 1803 hominibus,
999 1742 1070 1789 oum
1172 1730 1178 1739 '

114 1825 236 1893 ibidem
259 1827 301 1893 do
324 1833 394 1895 arte
417 1832 605 1894 tractaretur
625 1827 686 1894 sibi
705 1827 889 1910 neutiquam
907 1826 1071 1894 intelleota

114 1939 148 2000 et
169 1934 204 1999 in
225 1953 289 2016 qua
307 1952 406 2001 voees
425 1953 526 2019 saepe
544 1940 748 2003 ooourrerent
764 1940 856 2002 extra
871 1953 1069 2002 communem

114 2058 207 2106 naum
231 2039 368 2124 positae,
393 2040 559 2124 obsourae,
584 2041 646 2108 nisi
668 2038 802 2108 modieis
827 2045 858 2108 et
875 2041 985 2123 ooquis
1000 2039 1069 2107 fere
1131 2127 1136 2135 ζ

114 2144 291 2213 inanditae.
323 2147 431 2213 labem
459 2147 647 2215 immensam
676 2168 770 2230 quam
801 2148 985 2232 exemplum
1007 2145 1069 2233 pri-

114 2253 259 2320 mitivum
283 2273 413 2339 passum
438 2260 486 2321 est
513 2255 700 2339 superstites
722 2253 794 2320 libri
817 2252 928 2337 scripti
950 2273 1070 2336 nequa-

107 2379 212 2441 quam
237 2361 349 2428 tollere
373 2361 490 2428 valent.
518 2365 684 2428 truncatae
707 2379 805 2426 voees
829 2364 992 2426 extremae
1015 2379 1070 2425 en·

113 2465 230 2552 oipitee
261 2467 417 2535 lectiones
444 2467 626 2551 relinquunt
653 2467 745 2551 isque
779 2486 950 2551 perversus
985 2487 1070 2534 oom-

113 2572 307 2658 pendiornm
336 2594 425 2640 amor
452 2575 569 2642 multas
599 2576 709 2641 turbas
740 2573 841 2657 dedit,
871 2573 930 2642 sed
960 2575 1070 2659 plures

112 2679 276 2747 dederunt
304 2680 512 2764 periodorum
542 2680 734 2765 fragmenta,
767 2681 916 2749 oonoisae
953 2688 985 2748 et
1015 2682 1070 2748 ab·

109 2792 234 2871 ¹ruptae
265 2787 402 2872 periodi,
431 2794 465 2853 ut
495 2787 626 2872 saepius
653 2788 708 2853 vix
739 2789 806 2854 erui
837 2788 940 2874 possit
963 2808 1069 2871 quem-

112 2892 288 2960 admodum
320 2895 419 2960 verba
453 2899 683 2960 construantur.
720 2894 928 2960 divinandum
961 2895 1070 2977 itaque

113 3004 149 3066 et
176 3005 251 3084 post
278 3000 395 3065 malam
426 3005 572 3082 segetem
603 2997 785 3066 serendum.
824 3021 990 3068 recurrere
1021 3006 1071 3068 est

112 3105 213 3172 satius
246 3125 341 3187 quam
372 3107 456 3171 male
488 3124 624 3172 currere.
658 3105 834 3190 dieoipulus
871 3113 920 3173 est
954 3107 1070 3193 prioris

112 3212 274 3296 posterior
297 3211 377 3277 dies.
402 3231 502 3295 saepe
522 3212 605 3277 ultra
621 3218 715 3295 septa
738 3211 977 3279 transiliendum
1002 3219 1071 3279 erat

111 3317 313 3403 pedetentim
337 3317 510 3384 incedenti.
534 3317 631 3383 illotis
654 3316 793 3402 pedibus
816 3339 881 3384 non
904 3319 1093 3402 ingressus

112 3445 185 3492 snm
213 3425 247 3491 in
278 3424 372 3490 istam
403 3431 547 3490 veterum
578 3425 715 3491 culinam
748 3432 779 3492 et
808 3425 899 3507 quasi
926 3425 959 3491 in
983 3422 1069 3494 dolio

111 3531 294 3616 figulariam
318 3530 426 3614 didici,
452 3550 522 3597 oum
543 3532 686 3599 Minerva
700 3551 828 3598 manum
843 3551 969 3615 quoque
985 3532 1070 3598 movi
