2362 4178
376 416 437 471 Lib.
456 415 504 471 IV.
532 417 695 473 Pandeetea.
972 419 1016 486 79
1090 487 1094 496 ,

86 570 234 640 calefacies
257 574 289 640 in
312 576 441 660 patella.
466 581 550 641 teres
573 575 675 661 piper,
700 576 880 659 ligistieum,
911 578 1015 660 origa-

9 662 24 739 f
80 676 146 742 aum,
168 669 259 728 rutae
276 665 399 745 bacam,
418 663 534 742 vinum,
552 665 696 746 mulsum,
722 667 826 730 oleum
861 667 1015 751 patellam

9 746 13 755 ’
75 749 108 815 ad
128 751 245 818 lentum
267 751 386 834 ignem,
416 758 450 816 ut
473 758 636 833 coquatur.
670 752 739 818 ovis
763 753 869 819 erudis
893 754 1014 836 obliga-

72 837 120 922 bis,
141 839 324 906 adornabis.
343 840 491 904 ciminum
505 840 657 905 mundum
674 842 822 927 aspargis
838 849 870 908 et
884 843 1013 909 inferes.

128 930 202 996 138.
238 929 447 994 Patellam
479 928 643 993 isioiam
674 929 822 1017 [isicia]
856 930 904 997 de
932 938 1015 995 tur·

62 1015 194 1084 sione:
222 1017 400 1099 enarrabis,
424 1016 575 1083 correides
596 1018 782 1083 minutatim.
808 1026 893 1085 teres
910 1020 1013 1106 piper,

59 1104 242 1189 ligistieum,
267 1105 445 1190 origanum,
476 1106 705 1191 petresilinum,
736 1106 947 1189 coriandrum,
973 1108 1015 1173 ei·

10 1268 12 1273 ,
58 1194 188 1277 minum,
209 1199 301 1261 rutae
326 1197 449 1275 bacam,
473 1200 612 1260 mentam
630 1195 762 1277 sieeam,
784 1196 889 1282 ipsum
903 1196 1015 1261 tursio·

56 1303 141 1349 nem.
172 1282 265 1350 isicia
303 1282 506 1348 deformatis.
542 1283 660 1363 vinum,
695 1285 866 1365 liquamen,
899 1286 1015 1366 oleum,

58 1391 193 1454 coques.
227 1378 353 1437 coetum
377 1371 410 1436 iu
433 1372 586 1457 patellam
618 1372 802 1439 collocabis.
834 1373 882 1439 ius
912 1373 946 1438 in
977 1393 1017 1440 ea

20 1462 27 1474 ’
55 1460 177 1528 facies:
201 1460 304 1548 piper,
329 1460 508 1544 ligistieum.
534 1461 716 1543 satureiam,
749 1481 873 1548 cepam,
896 1461 1015 1544 vinum,

55 1550 232 1632 liquamen,
265 1550 379 1630 oleum,
407 1550 441 1613 in
471 1550 634 1635 patellam,
667 1570 770 1636 pones
794 1557 828 1614 ut
851 1559 1015 1634 coquatur.

56 1639 128 1704 ovis
153 1639 324 1721 obligabis.
347 1639 442 1725 piper
465 1658 622 1725 asperges
647 1647 679 1704 et
704 1638 832 1706 inseres.

105 1728 181 1794 139.
205 1728 411 1793 Peteliam
432 1747 480 1792 ex
498 1727 726 1804 holisatro:
752 1728 855 1794 elixas
877 1748 917 1794 ex
933 1747 1018 1810 aqua

56 1816 189 1899 nitrata,
222 1815 382 1903 exprimis,
414 1816 447 1879 in
471 1817 632 1901 patellam.
658 1822 742 1882 teres
773 1817 875 1903 piper,
904 1817 1015 1898 ligisti-

58 1925 143 1988 eum,
175 1904 387 1987 coriandrum,
419 1904 601 1984 satureiam,
634 1925 759 1991 cepam,
783 1907 892 1971 vinum
914 1907 1015 1988 liqua-

57 2079 174 2152 paulum
223 2082 333 2143 coetus,
372 2077 513 2145 ,fervente
566 2079 690 2141 λούμενος
715 2085 835 2149 θυρσίων,
859 2081 960 2148 ἥδιστος
981 2081 1018 2133 ὢν

58 2167 135 2222 aqua
154 2148 300 2220 perfusus‘·
322 2150 427 2205 Colum.
449 2152 473 2212 7,
487 2151 513 2215 8,

60 2225 84 2278 1.
106 2221 141 2278 01.
161 2223 223 2277 360.
245 2250 277 2259 -·
297 2221 385 2275 haee
400 2227 511 2289 —pat

59 2308 166 2363 coques
192 2308 226 2348 ex
245 2290 319 2347 oleo.
339 2291 513 2360 patellam

58 2381 159 2436 pones.
187 2363 348 2419 mundum
376 2379 427 2431 pro
456 2363 513 2416 mi-

59 2454 77 2491 n
86 2441 182 2491 utum
196 2451 265 2490 corr.
277 2449 312 2489 ex
321 2434 411 2488 Ediet.
423 2433 512 2488 Dicet.

61 2510 86 2572 1,
97 2507 142 2561 3⁶2.
162 2506 266 2574 plebeii
276 2504 442 2576 tyrotarichi
458 2505 513 2558 eibi

59 2594 96 2634 ex
115 2591 198 2632 caseo
218 2582 248 2630 et
262 2576 446 2638 salsamentis,
466 2576 514 2644 qui

59 2647 147 2704 hodie
162 2653 303 2702 menestra
314 2653 439 2709 vocatur,
458 2662 513 2699 me-

60 2719 142 2774 minit
160 2717 216 2773 Cic.
236 2718 274 2771 ad
292 2718 356 2772 Div.
375 2717 457 2780 9,16.
477 2716 513 2770 ad

59 2789 151 2846 Attio.
170 2788 197 2853 4,
216 2788 241 2841 8.

114 2860 153 2914 ad
179 2861 238 2914 138.
277 2858 404 2912 codicum
441 2863 511 2926 pat.

59 2932 193 2987 niceam
212 2946 269 2984 non
282 2945 435 2997 ebusoque,
452 2944 513 2982 eum

60 3019 96 3058 ex
104 3003 165 3058 iure
175 2999 317 3056 inferatur.
327 3015 411 3068 quare
423 3015 513 3054 emen-

60 3073 129 3129 davi
153 3072 295 3126 isiciam
320 3071 365 3125 vel
389 3071 512 3125 siciam

60 3149 91 3200 et
113 3143 189 3198 idem
215 3142 384 3200 adieetivum
404 3140 514 3196 restitui

61 3215 124 3270 172.
143 3213 251 3270 isicia
269 3229 304 3269 ex
322 3213 446 3281 margine
460 3219 513 3267 est.

61 3316 95 3325 -
124 3285 160 3342 de
187 3300 256 3340 eane
287 3284 403 3339 marino.
432 3299 513 3352 quem

59 3356 145 3412 ltalia
163 3354 249 3412 hodie
269 3355 376 3418 canino,
397 3354 515 3410 Graecia

61 3427 196 3479 σκυλάκιον
227 3433 320 3487 vocat.
351 3424 455 3481 Athen.
490 3426 514 3490 7,

61 3499 104 3554 85.
126 3498 225 3551 τούτου
244 3499 292 3550 τοῦ
319 3496 413 3565 ἰχθύος
436 3499 514 3565 μέρος

62 3567 116 3623 ἔστι
135 3572 176 3622 καὶ
197 3569 211 3622 ὁ
233 3568 287 3623 ὑπὸ
308 3570 444 3639 Ῥωμαίων
462 3589 511 3619 κα-

567 2155 607 2200 xel
632 2151 827 2220 τρυφερώτατος
857 2154 919 2207 coll.
945 2154 1014 2207 Plin.

567 2224 592 2285 9,
611 2223 653 2276 34.
673 2237 737 2289 pars
757 2224 894 2290 quaedam
909 2223 1017 2278 canicu-

567 2293 612 2346 lae
632 2293 792 2346 carchariae
805 2293 925 2362 indeque
937 2300 1015 2349 totus

567 2364 651 2431 piscis
670 2364 699 2416 id
715 2379 815 2417 nomen
829 2364 923 2419 babet.
935 2379 1017 2435 squa-

567 2435 656 2488 lorum
679 2435 786 2501 speeies
812 2441 864 2490 est.
897 2435 1017 2491 fortasse

567 2520 608 2573 sq.
635 2504 780 2558 acanthias
806 2506 942 2577 dornbay‚
970 2507 1018 2576 qui

567 2575 694 2629 bonitate
714 2576 803 2631 earnis
820 2578 947 2646 squatum
958 2594 1018 2633 eor-

566 2647 696 2700 nnbicum
739 2645 797 2702 fere
839 2655 950 2716 aequat.
988 2653 1018 2703 et

567 2718 658 2785 squali
686 2717 779 2785 glauci
799 2720 890 2773 cauda
915 2718 1018 2774 deliea-

567 2794 625 2842 tum
652 2788 742 2842 eibum
767 2790 893 2857 praebet.
919 2806 1019 2845 ener-

567 2859 644 2913 vab.
665 2860 815 2914 tunsionem
834 2863 876 2913 er.
903 2861 1018 2929 ipsum

568 2934 653 2983 turs.
675 2931 814 2994 concisam
833 2932 948 3000 pulpam
962 2937 1018 2986 tur·

567 3001 660 3055 sionis.
686 3001 764 3055 isicia
782 3003 900 3069 primum
920 3003 1020 3058 leniter

568 3071 713 3125 elixantur.
734 3072 798 3126 dein
818 3089 879 3126 cum
898 3074 956 3128 iure
973 3089 1019 3128 co·

569 3148 690 3212 quantur
714 3143 747 3196 in
772 3149 839 3198 ante
861 3149 930 3213 pat.
951 3143 1016 3199 add.

568 3229 602 3268 ex
624 3214 683 3266 139.

622 3354 659 3408 ad
679 3355 738 3409 139.
767 3353 954 3410 holisatro
974 3354 1018 3412 93.

568 3426 601 3480 in
620 3432 691 3494 pat.
709 3425 805 3490 mittis,
819 3426 949 3481 collocas·
964 3442 1019 3482 vo·

567 3497 684 3623 prppria
705 3512 754 3552 sex
780 3496 864 3554 codd.
885 3513 938 3566 pro
957 3513 1019 3557 vo·
