2362 4178
114 427 156 494 86
429 426 490 485 Lib.
504 427 552 484 IV.
580 427 746 488 Pandectes.

184 590 255 655 154.
291 589 438 657 Pisces
461 591 478 655 f
482 590 597 656 rinos
628 589 844 672 cuiuscunque
867 591 995 673 generis
1014 590 1050 657 sic

113 679 231 746 facies:
263 686 347 745 teres
378 680 481 764 piper,
511 678 670 746 coriandri
694 699 814 761 semen,
846 680 960 745 lasaris
983 679 1053 744 radi·

114 790 194 849 cem,
219 768 394 851 origanum,
418 776 531 848 rutam,
557 769 719 849 cariotam,
743 767 909 834 suffundes
929 776 1055 851 acetum,

114 858 229 938 oleum,
265 857 436 940 liquamen,
471 858 593 922 adicies
629 856 805 922 defrictum.
843 857 926 923 haec
961 857 1058 922 omnia

113 946 308 1029 temperabis
333 953 364 1009 et
386 946 419 1010 in
440 947 644 1012 caccabulum
663 947 769 1011 mittes
789 945 971 1029 efferveat.
995 967 1059 1012 cum

114 1032 312 1114 calefeceris,
337 1033 468 1099 eosdem
488 1035 594 1118 pisces
614 1033 839 1117 superfundes.
865 1055 1000 1119 asparso
1018 1036 1060 1120 pi·
1107 1063 1109 1089 ι

111 1142 189 1207 pere
213 1129 244 1187 et
266 1121 393 1188 inferes.

181 1210 253 1276 155.
278 1212 358 1275 Item
381 1211 489 1294 pisces
512 1210 612 1275 frixos
635 1211 681 1276 sic
704 1210 824 1276 facies:
853 1217 940 1276 teres
964 1212 1064 1296 piper,

111 1299 291 1382 ligisticum,
316 1300 431 1366 bacam
454 1300 545 1381 lauri,
570 1298 771 1365 coriandrum
795 1301 959 1385 mellique,
983 1301 1065 1382 vinq

110 1408 208 1472 passo
243 1388 295 1453 vel
331 1409 467 1453 caroeno
502 1394 671 1473 temperas.
709 1408 829 1470 coques
863 1389 932 1472 igni
971 1391 1065 1471 lento,

113 1477 219 1549 amolo
244 1476 365 1542 oridiae
390 1477 514 1559 obligas
538 1483 570 1541 et
592 1476 720 1542 inferes.

180 1564 252 1630 156.
288 1564 437 1631 Pisces
461 1585 599 1630 assos:
635 1571 720 1630 teres
748 1565 851 1649 piper,
884 1565 1065 1649 ligisticutn,

111 1655 294 1735 satureiam,
321 1674 433 1737 cepam
452 1654 581 1734 siccam,
602 1653 765 1718 suffundes
782 1659 919 1735 acetum,
945 1655 1067 1722 adicies

42 1776 46 1783 ¹
111 1743 275 1823 cariotam,
301 1748 439 1823 anetum,
465 1762 596 1806 ovorum
619 1742 737 1823 vitella,
767 1743 840 1824 mel,
870 1750 1009 1825 acetum,
1033 1747 1066 1809 li-

110 1851 258 1913 quamen,
297 1832 411 1911 oleum,
445 1830 621 1896 defrictum.
646 1831 728 1897 haec
763 1831 870 1896 ‹rmnia
902 1831 937 1896 in
973 1854 1066 1898 unum

109 1919 209 1983 mixta
232 1918 418 2000 perfundes.

149 2005 251 2082 ¹157.
274 2007 420 2072 Pisces
437 2006 475 2069 in
493 2007 712 2089 eleogaro:
729 2007 829 2089 friges
846 2007 965 2090 pisces.
982 2016 1067 2075 teres

110 2095 214 2180 piper,
240 2094 419 2176 ligisticum,
443 2101 555 2176 rutam,
581 2096 782 2161 condimenta
801 2095 928 2177 viridia,
954 2119 1068 2182 cepam

109 2183 241 2265 siccam,
266 2183 389 2249 adicies
413 2204 453 2249 ex
477 2184 548 2248 oleo
572 2183 732 2266 liquamen
757 2190 788 2250 et
809 2184 940 2251 inferes.

108 2379 205 2433 diam
236 2384 352 2445 partem,
382 2376 496 2432 dimidio
515 2378 563 2431 mi·
617 2377 654 2430 ad
674 2375 759 2445 Apul.
782 2378 805 2431 1.
825 2393 852 2445 p.
870 2378 910 2432 18.
928 2379 1068 2438 301302.

109 2464 161 2503 uus
182 2463 265 2516 quam
283 2449 427 2502 cuminum.
448 2448 564 2503 oridia
617 2449 676 2502 662.
697 2479 728 2486 —

111 2533 197 2590 oryza
216 2519 258 2572 52.
643 2591 649 2603 Ι
669 2520 705 2572 ad
722 2520 779 2573 155.
800 2519 1021 2588 ligusticum
1040 2529 1068 2577 et

616 2606 714 2652 vrnu,
750 2605 878 2658 passu,
921 2607 1067 2655 careno,

163 2660 200 2714 ad
221 2658 281 2714 154.
315 2659 563 2728 cuiuscunque
616 2660 731 2723 lautu,
769 2662 903 2724 amulo,
947 2664 1067 2718 oridia

108 2748 186 2801 gen.
204 2729 262 2783 143.
284 2760 315 2767 -
336 2730 480 2784 radices
500 2732 561 2785 cod.
617 2732 677 2785 cod.
698 2732 727 2785 id
746 2732 789 2786 ius
808 2749 892 2800 snper
909 2735 1004 2801 pisces
1023 2734 1067 2788 fri·

110 2802 208 2856 5137.
232 2801 290 2853 191.
311 2801 372 2853 37⁶2.
393 2800 498 2855 Colum.
521 2805 562 2865 12,
616 2818 668 2857 xos
687 2801 813 2856 funditur
839 2803 897 2857 154.
928 2805 1060 2860 155158

110 2874 154 2934 59,
164 2872 189 2925 4.
202 2887 235 2925 ex
255 2871 332 2925 cuirrs
345 2872 387 2933 12,
399 2872 457 2933 7,4.
480 2888 562 2940 „pau-
617 2873 690 2926 idem
711 2871 869 2928 faciendum
891 2875 949 2928 157.

110 2958 157 2998 555
187 2940 327 2996 radiculas
361 2941 458 2997 laseris
486 2944 561 3011 quod
669 2943 705 2997 ad
727 2945 784 2997 156.
814 2947 1008 3016 saturegia
1026 2947 1067 3001 ci-

109 3014 210 3069 Graeci
230 3015 329 3076 allator
348 3019 451 3070 vocant
470 3013 559 3067 adici“
616 3029 690 3081 parn
711 3013 772 3068 cod.

110 3085 216 3140 codicis
235 3083 318 3138 lectio
331 3082 452 3139 fortasse
468 3083 561 3138 defen·
669 3085 706 3138 ad
727 3086 785 3138 157.
820 3086 1066 3154 inotogonon.

109 3155 208 3211 denda.
239 3154 409 3208 defritum
439 3155 500 3209 cod.
528 3185 560 3194 -
616 3154 651 3208 in
680 3159 839 3210 otocano
868 3156 930 3211 cod.
957 3160 1065 3212 55159.

108 3226 335 3293 temperabis
355 3225 382 3278 in
402 3227 560 3279 55515155.
616 3241 707 3279 meum
730 3226 924 3295 ,cleogarum“
951 3234 997 3282 est
1019 3245 1066 3299 ga-

110 3297 170 3351 158.
197 3297 295 3350 misces
322 3296 381 3349 156.
409 3311 560 3363 asparso
616 3312 674 3350 rum
694 3312 743 3350 seu
768 3297 907 3365 liquamen
932 3315 966 3352 ex
994 3299 1065 3354 oleo.

108 3367 171 3423 cod.
209 3367 304 3435 sicque
332 3366 434 3435 passim
463 3367 516 3420 mei
544 3381 561 3420 a
616 3382 655 3420 ex
674 3367 1066 3435 absorptumaddidiex400.

109 3436 560 3564 151155115111551
614 3437 1067 3580 rl⁰.rlu.ld.⁰.lll.‘¹ttllt

109 3579 148 3648 lig
168 3579 194 3632 in
214 3578 283 3633 Plin.
304 3581 346 3645 20,
366 3579 408 3632 55.
434 3577 557 3635 llildebr.
614 3593 675 3633 mon
696 3579 758 3635 oleo
778 3581 892 3639 mixtum
912 3581 976 3640 250.
