2362 4178
110 417 153 479 62
429 415 489 470 Lib.
510 416 558 468 IIL
597 415 729 483 Cepuros.

426 540 434 564 ,
842 543 849 555 .

109 573 244 637 elixatos
264 574 433 657 exprimes.
459 574 576 638 deinde
600 580 684 637 teres
707 574 856 638 ciminum
879 573 1061 655 plurimum,

108 668 221 741 rutam,
244 663 347 735 minus
370 662 456 725 lasar
478 663 633 746 particum
656 661 708 724 vel
728 668 864 741 acetum,
888 661 1062 743 liquamen,

33 785 36 790 -
109 749 276 813 defrictum
308 758 340 813 et
369 751 474 813 oleum
505 749 641 812 modice.
673 749 799 813 fervere
827 749 930 812 facies
961 755 995 812 et
1016 751 1063 812 in

107 836 202 900 feres.

175 925 228 988 95.
245 923 361 986 Aliter:
375 944 473 1006 rapas
487 925 555 987 sive
570 943 673 1006 napos
688 924 790 987 elixas
805 923 936 1003 interce,
956 924 1063 988 oleum

112 1011 349 1089 subinstillabis,
373 1013 400 1073 si
423 1013 522 1091 voles,
547 1019 672 1075 acetum
695 1011 790 1075 addc.

177 1101 228 1163 96.
253 1098 453 1163 Rafancs:
477 1099 606 1163 rafancs
629 1119 700 1164 cum
723 1101 881 1181 piperem,
904 1098 951 1161 ita
966 1105 1002 1160 nt
1017 1099 1062 1180 pi-

108 1205 168 1268 per
191 1207 262 1251 cum
285 1186 455 1265 liquamine
477 1193 573 1251 teras.
1097 1246 1102 1251 .

176 1277 228 1339 97.
255 1275 382 1338 Holus
405 1276 538 1338 molle.
571 1274 662 1338 hclus
692 1274 788 1337 molle
821 1293 862 1337 ex
889 1272 1061 1337 holisatm:

110 1369 234 1426 coctum
258 1382 299 1424 cx
322 1382 406 1440 aqua
428 1363 544 1425 nitrata
569 1381 755 1443 expressum
786 1361 939 1424 concides
962 1361 1061 1424 minu-

110 1449 175 1512 tim.
205 1455 290 1513 teres
313 1451 415 1531 piper,
447 1450 626 1529 ligisticum,
650 1449 822 1512 satureiam
846 1450 968 1512 siccam
992 1469 1060 1513 cum

111 1555 193 1619 cepa
216 1538 313 1615 sicca,
337 1538 508 1619 liquamen,
533 1539 637 1600 eleum
662 1543 693 1600 et
715 1537 832 1598 vinum.

177 1626 229 1689 93.
254 1624 354 1690 Aliter
376 1624 468 1688 holus
491 1625 604 1688 mclle:
636 1625 745 1706 apium
769 1642 889 1703 coques
914 1642 955 1686 cx
979 1643 1061 1703 aqua

110 1711 236 1791 nitrata,
260 1713 421 1794 exprimes
445 1719 478 1776 et
500 1712 652 1776 concides
674 1711 826 1775 minutim.
854 1711 888 1773 in
912 1713 1060 1776 mortario

109 1805 194 1864 teres
223 1800 325 1882 piper,
356 1800 537 1879 ligistieum,
573 1801 750 1880 origanum,
787 1818 911 1880 cepam,
943 1799 1060 1878 vinum,

110 1887 270 1988 liquamen
294 1894 326 1951 ct
349 1889 462 1951 oleum.
489 1907 606 1968 coques
630 1888 663 1950 111
685 1888 821 1969 pultario
846 1887 938 1951 etsie
955 1888 1061 1973 apium

111 1993 297 2040 conmisees.

176 2064 228 2128 99.
253 2062 354 2127 Aliter
375 2062 467 2126 holus
490 2063 584 2127 melle
609 2062 753 2126 extollis
773 2063 972 2127 lactucarum
992 2084 1061 2129 cnm

109 2151 235 2232 scapis:
267 2170 386 2231 ceques
411 2171 452 2214 cx
475 2171 558 2229 aqua
580 2151 706 2229 nitrata,
732 2170 887 2232 expressa
911 2152 1062 2216 concides

109 2239 261 2302 minutim.
282 2239 316 2302 in
330 2240 481 2302 mortario
501 2245 586 2302 teres
606 2239 708 2320 piper,
732 2239 915 2319 ligisticum,
939 2239 996 2322 api
1011 2254 1061 2304 se·

110 2348 193 2430 men,
227 2333 366 2391 mentam
401 2326 528 2406 siccam,
564 2346 693 2408 cepam,
728 2327 908 2407 liquamen,
945 2327 1060 2408 oleum,

109 2434 227 2478 vrnum.

110 2568 145 2606 ex
163 2573 177 2618 y
196 2552 269 2606 laser
293 2553 379 2621 igitur
397 2552 460 2607 loeo
485 2553 559 2606 aceti
611 2569 663 2620 pro
673 2569 785 2607 manare
795 2556 855 2608 373.
874 2553 1062 2609 1111111314.

109 2621 236 2677 adhiberi
260 2629 381 2690 poterat,
409 2623 476 2678 alibi
503 2638 557 2690 quc
613 2623 705 2677 lavere
730 2626 758 2676 in
783 2624 896 2678 Sallust.
921 2624 955 2677 11.
976 2627 1001 2678 9.
1020 2625 1061 2678 81.

110 2693 199 2746 acrius
226 2688 306 2747 fieret
336 2700 446 2746 acetum
462 2692 558 2746 laseris
613 2694 728 2748 densere
755 2711 806 2762 pro
835 2695 954 2749 densare
981 2695 1060 2749 ina

109 2778 192 2816 sucus
210 2763 424 2825 admiscebatur,
448 2764 484 2816 de
503 2779 557 2830 quc
612 2765 653 2818 68.
675 2762 708 2817 es.
721 2766 838 2832 interpp.
850 2766 888 2819 ad
898 2766 987 2818 Tacit
999 2781 1059 2818 ann.

110 2838 192 2885 aceto
211 2833 385 2901 laserpitiato
411 2835 438 2885 in
465 2833 556 2888 Gloss.
612 2835 726 2896 2‚14‚2.
744 2835 820 2888 Baeh
839 2836 877 2889 ad
896 2836 978 2890 Ovid.
997 2840 1060 2890 met

111 2903 228 2958 dicetur.
247 2905 319 2958 laser
337 2909 365 2957 et
381 2910 490 2957 acetum
500 2904 558 2957 iun·
612 2907 655 2966 13,
663 2905 870 2959 605.Kaercher
878 2906 973 2975 Etyna
981 2906 1060 2961 beitr.

110 2973 186 3041 gitur
204 2976 264 3028 393.
291 2972 363 3029 forte
389 2975 558 3043 iungendum
613 2977 636 3028 1.
655 2991 683 3042 p.
701 2976 744 3029 40.

111 3043 369 3108 ,1110111111111111111α
382 3043 485 3107 11115,
498 3045 556 3097 120.
664 3045 701 3098 ad
720 3047 763 3099 97.
793 3045 901 3099 holus
921 3062 955 3101 ex
974 3051 994 3106 β
1010 3061 1061 3114 pro

109 3115 169 3168 321.
189 3116 249 3169 395.
275 3116 310 3169 de
333 3117 406 3183 rapis
425 3115 558 3183 parandis
612 3115 700 3169 elus.
712 3146 742 3152 -
755 3117 924 3170 minutum
939 3121 984 3185 βγ.
1002 3117 1062 3171 1111-

111 3185 171 3237 153.
199 3217 232 3225 -
258 3184 330 3240 ferte
349 3185 494 3248 inlares,
517 3185 559 3238 in·
611 3192 771 3239 natatum
790 3206 818 3240 π.

110 3253 207 3319 ferres,
225 3254 298 3310 farre
316 3257 425 3325 obliges
443 3257 485 3309 42.
664 3257 701 3309 ad
728 3258 771 3312 99.
825 3255 915 3310 eum'
934 3256 1062 3325 scapis

162 3326 200 3380 ad
218 3328 260 3381 96.
279 3328 332 3381 ita
352 3358 384 3365 -
404 3335 501 3381 teras
527 3332 558 3380 ut
611 3327 708 3393 scripsi
728 3343 780 3394 pro
799 3329 1017 3395 cumcacpia
1032 3327 1062 3382 id

109 3394 170 3450 314
196 3406 287 3452 tereas
312 3403 358 3461 βπ.
387 3405 419 3451 ut
444 3412 559 3464 carpeas
613 3405 656 3450 est
676 3397 800 3452 caulibus
820 3400 879 3453 100.
900 3398 1008 3452 Colum.
1019 3400 1061 3460 12.

111 3467 170 3523 161.
199 3475 343 3536 tergeatur
376 3474 405 3522 et
433 3475 560 3536 tergatur
612 3468 682 3529 9,1.
706 3467 810 3537 thyrsis
833 3469 904 3523 Plin.
932 3471 976 3532 19,
1003 3470 1062 3522 129.

109 3552 154 3608 ap.
180 3539 251 3595 Cels.
278 3540 301 3604 1,
327 3541 352 3602 1,
378 3539 418 3592 sic
447 3543 558 3594 mantra
613 3538 1062 3605 Cael.Aur.chrou.3‚2.strunk·
