2362 4178
188 425 231 488 50
502 423 564 478 Lib.
585 422 620 477 IL
657 379 817 491 sarcoptcc

187 581 335 660 satureia,
370 586 450 661 ruta,
486 582 713 662 petrosilinum,
749 580 1001 659 condimentum,
1037 581 1138 644 bacas

185 669 277 747 lauri,
299 669 458 748 liquamen
483 675 515 732 et
536 669 730 734 admiscetur
752 669 852 752 pulpa
866 670 949 732 bene
965 675 1071 748 tunsa,
1093 667 1133 730 ila

186 763 220 822 ut
243 756 349 820 denuo
374 757 455 820 bene
479 775 549 819 cum
569 756 640 838 ipsc
656 758 788 820 subtrito
805 756 935 820 fricetur
952 776 1025 820 cnm
1037 755 1133 835 liqna

185 844 279 907 mine.
296 842 440 906 admixto
456 842 568 925 pipere
596 846 720 924 integro
750 851 782 908 et
805 843 982 907 abundanti
1005 843 1135 924 pingue-

186 932 260 995 dine
284 936 315 994 et
338 929 459 994 nucleis
482 931 593 996 inicies
607 932 640 995 in
658 932 840 996 intestinum
857 950 1013 1012 perquam
1028 936 1134 993 tenna-

184 1026 250 1082 tum
274 1015 485 1102 [perductum]
511 1024 543 1081 et
564 1019 611 1083 sic
634 1019 676 1082 ad
699 1019 820 1083 fumum
843 1017 1061 1099 suspenditur.

251 1107 304 1169 57.
335 1104 592 1169 Farcimina:
625 1126 686 1170 ova
717 1112 749 1170 et
773 1106 933 1170 cerebella
955 1111 1053 1185 teres,
1083 1123 1137 1168 nn-

186 1194 272 1258 cleos
295 1193 419 1274 pinecs,
443 1193 545 1274 piper,
569 1194 739 1272 liquamen,
763 1193 850 1257 lasar
864 1193 1025 1257 modicum
1041 1191 1140 1256 ethis

184 1280 365 1345 intestinum
388 1279 544 1360 implebis.
570 1281 681 1359 elixas,
704 1286 818 1362 postea
841 1300 933 1345 assas
958 1287 990 1345 et
1008 1279 1138 1344 inferes.

250 1369 303 1432 58.
326 1367 443 1430 Aliter:
472 1373 596 1432 coctam
619 1369 735 1432 alicam
760 1374 792 1432 et
813 1368 919 1431 tritam
943 1387 1016 1432 cnm
1038 1367 1141 1450 pulpa

185 1456 315 1519 concisa
346 1459 377 1517 et
406 1453 479 1517 trita
511 1474 576 1519 una
606 1476 677 1520 cum
708 1456 820 1538 pipere
852 1462 884 1521 et
906 1454 1085 1535 liquamine
1108 1461 1142 1520 et

184 1543 314 1607 nucleis.
343 1541 461 1605 farcies
488 1542 671 1606 intestinum
702 1549 734 1607 et
765 1543 910 1622 elixabis,
943 1541 1064 1608 deinde
1087 1562 1141 1606 co-

184 1631 279 1708 mino,
310 1629 380 1694 sale
403 1630 534 1693 assabis
566 1637 597 1695 et
627 1650 698 1695 cum
729 1630 831 1713 sinapi
853 1631 985 1711 inferes,
1015 1631 1071 1696 rel
1092 1630 1141 1696 sic

184 1718 346 1784 concisum
369 1717 400 1780 in
425 1716 525 1781 disco.

249 1807 302 1870 59.
327 1804 443 1868 Aliter:
468 1805 582 1869 alicam
605 1823 726 1889 purgas
750 1811 782 1869 et
806 1825 877 1870 cum
899 1804 1077 1886 liquamine
1091 1804 1140 1870 in·

183 1894 290 1960 testini
320 1898 352 1957 et
382 1892 541 1956 albumine
571 1892 657 1975 pcrri
688 1893 808 1958 concisi
836 1892 1020 1956 minutatim.
1044 1893 1141 1958 simul

183 2067 331 2123 cadonicus
353 2067 384 2119 L.
406 2065 631 2121 macedonischer
684 2068 711 2120 in
730 2066 880 2121 Glossariis
898 2083 1000 2122 nomen
1017 2068 1141 2123 inducti·

182 2138 347 2206 steincppig.
393 2137 439 2190 Sic
472 2152 555 2190 eruca
580 2137 630 2190 ho·
683 2136 727 2199 lis,
764 2137 837 2190 unde
867 2137 961 2204 gallic.
991 2138 1140 2194 andcuillc

183 2209 285 2264 diemis
305 2207 419 2262 Graecis
437 2205 571 2275 ἇρώματος
589 2207 630 2260 (11·
682 2215 787 2270 uatum,
806 2208 881 2275 quod
892 2209 982 2263 nostri
991 2214 1140 2264 verterunt

182 2281 253 2334 citur
271 2279 365 2347 sicque
383 2277 629 2345 pimentnmhcdie
683 2276 853 2347 schuebling.
874 2276 908 2330 ci.
929 2279 1007 2334 Dicz.
1028 2280 1095 2334 Lem
1108 2279 1138 2333 d

181 2365 313 2404 vocamus
337 2364 424 2417 genus
443 2347 545 2402 herbae
565 2364 629 2401 con·
682 2363 788 2401 roman,
807 2347 917 2415 sprach.
936 2365 963 2417 p.
984 2350 1048 2402 553.
1060 2379 1092 2388 -—
1104 2349 1139 2403 irr

181 2419 371 2480 dimentariae‚
397 2419 462 2472 licet
481 2434 562 2472 omne
580 2433 628 2486 ge·
683 2416 698 2470 1
702 2435 812 2472 nmum
831 2437 859 2471 π.
879 2419 922 2472 ad
940 2418 1081 2474 furuum
1096 2417 1136 2488 pri.

181 2506 232 2544 nus
259 2488 406 2542 herbarum
437 2496 466 2542 et
493 2489 626 2542 seminum
680 2486 819 2542 furcum
845 2489 864 2546 ζ.
903 2487 1065 2544 inrenum
1093 2493 1135 2545 θη.

181 2560 460 2614 condimentariurum
491 2559 626 2626 designet
681 2556 877 2612 cissami.

181 2632 283 2685 Lexica
301 2636 449 2682 tacent-
468 2635 627 2695 petrose·
734 2629 771 2682 ad
788 2629 831 2683 57.
860 2629 1003 2685 nucleis
1032 2630 1132 2685 misces

180 2701 289 2755 linum
313 2698 445 2766 marginis
468 2698 579 2752 videtur
597 2704 628 2752 ut
681 2698 723 2751 55.

181 2772 241 2824 224.
270 2770 331 2823 345.
359 2771 419 2822 351.
440 2798 472 2805 -
497 2768 628 2822 inicias
736 2769 772 2823 ad
791 2769 834 2822 58.
864 2771 1008 2824 comino
1035 2770 1133 2838 scripsi

181 2858 216 2896 ex
243 2845 269 2902 β.
298 2855 349 2907 pro
378 2839 473 2900 icles,
496 2840 627 2901 micics,
682 2856 732 2907 pro
753 2856 834 2902 cnm,
852 2840 1131 2895 ad53.saleetolso

180 2911 333 2970 miscies,
352 2910 481 2963 unceis
508 2910 628 2978 reliquo·
681 2916 793 2964 assatur
813 2913 870 2962 111.
893 2911 1060 2965 istndsale
1078 2909 1131 2965 for·

181 2999 249 3043 rum,
268 2979 403 3033 farcies
422 2981 469 3033 int.
484 2980 528 3033 ed.
539 2996 579 3047 pr.
592 2980 626 3032 H.
681 2987 756 3034 tasse
775 2987 936 3048 corruptum
948 2996 1001 3050 pro
1013 2986 1072 3036 sat
1083 2995 1130 3035 scu

181 3082 212 3089 -
233 3058 410 3105 tenuatum
436 3064 471 3103 ex
495 3050 554 3103 flor.
574 3066 625 3117 pro
680 3052 769 3105 satis
793 3058 848 3106 est
871 3067 906 3105 ex
924 3052 985 3106 311.
1006 3067 1044 3105 an
1063 3066 1130 3106 cum

179 3121 359 3176 tenuatim.
379 3121 567 3175 tenuissimum
586 3120 625 3172 in·
680 3121 751 3176 sale
771 3129 815 3176 est
833 3138 913 3186 ..cunr
923 3122 1061 3186 acumine,
1071 3137 1129 3176 cum

179 3193 308 3246 teatinum
337 3189 439 3245 sartum
472 3205 516 3258 ap.
532 3189 624 3248 ,Vara
680 3193 822 3247 rationer‘
855 3193 904 3247 sic
940 3191 1045 3246 elixum
1072 3199 1130 3248 tu·

180 3264 209 3315 L.
230 3263 258 3315 L.
279 3262 304 3325 5,
324 3263 367 3314 21.
387 3277 414 3329 p.
436 3263 494 3314 115.
522 3260 569 3328 Sp.
584 3267 624 3315 te·
681 3269 740 3316 tum
759 3265 803 3315 59.

177 3333 258 3388 nnius
283 3331 397 3399 (ieiuno)
423 3332 471 3385 int.
497 3331 524 3384 in
548 3332 625 3385 siuns
731 3333 767 3386 ad
795 3333 838 3385 59.
879 3331 1059 3400 liquamen
1084 3333 1129 3387 ir·

177 3403 356 3458 vehementer
370 3402 532 3470 inplicitum,
553 3402 624 3456 Cels.
678 3402 799 3456 testini
817 3400 1022 3470 gelroesciett,
1041 3402 1128 3457 ntul-

177 3473 204 3537 4,
216 3477 238 3528 1.
256 3473 468 3543 perductum
487 3472 624 3540 nisiglcs·
677 3472 730 3541 ipis
749 3471 887 3541 liquamen
911 3488 960 3541 ap.
978 3472 1086 3529 Colum.
1103 3473 1129 3536 6.

178 3559 210 3599 sa
227 3551 271 3599 est
288 3539 428 3614 significat
446 3543 561 3608 isicium,
580 3543 624 3597 cui
676 3544 703 3608 2,
729 3543 752 3608 i,
778 3549 845 3612 post
869 3544 1033 3608 ..intestini“
1058 3542 1129 3603 ioris
