2362 4178
468 391 620 453 Praelatio.
875 450 877 455 .
975 395 1018 466 25
1147 415 1148 419 ’

59 557 177 658 thecae
199 556 315 624 medic.
336 556 470 624 laurent.
487 558 626 624 Florent.
642 555 718 622 mihi
734 557 849 624 dicitur
864 555 898 644 d)
921 578 1019 626 manu

58 664 257 751 peritissima
279 665 365 732 Petri
389 665 430 732 de
452 667 550 732 Furia
575 666 695 753 (Pietro
719 666 773 732 dul
796 666 892 733 Furia
915 667 1017 735 archi·

57 773 144 840 vista
168 773 201 840 di
224 773 373 861 Firenae)
397 774 592 863 descriptum
615 793 679 839 una
702 793 774 841 cum
797 774 927 841 minoris
951 795 1017 842 mo·

57 880 408 951 menticollationibus
438 882 531 946 trium
555 880 713 964 codicum,
738 881 800 948 cod
836 883 878 948 26
914 883 1016 950 codic.

57 987 251 1055 riccardian.
268 988 408 1054 Florent.
421 988 530 1073 scripti
543 1009 563 1054 a
575 988 708 1054 Pacutio
722 988 842 1055 Sabino
859 1009 900 1055 un
912 991 1017 1057 7464.

56 1093 226 1162 Bononiae
250 1093 341 1182 (mihi
357 1100 406 1161 est
418 1092 458 1180 ζ),
484 1101 516 1161 et
540 1094 611 1162 eod.
630 1095 682 1160 29.
704 1094 878 1160 eorundem
896 1102 928 1161 et
944 1095 1015 1165 cod.

57 1203 109 1270 67.
137 1201 273 1290 (mihis
293 1206 325 1268 et
339 1200 372 1288 κ)
397 1202 470 1267 olim
494 1202 659 1267 strozzian.
684 1221 767 1267 nunc
789 1201 924 1270 laurent.
943 1203 1016 1269 Flo·

56 1315 139 1376 rent.
167 1308 221 1391 qui
244 1328 396 1391 magnam
418 1308 568 1374 lacunam
587 1308 684 1374 habet
707 1328 727 1373 a
747 1313 774 1390 ξ.
794 1310 837 1375 70
857 1309 899 1375 ad
926 1329 1017 1395 „cum

56 1415 212 1484 ferverit“
239 1419 270 1498 ξ.
290 1416 362 1483 170.
387 1415 590 1482 adiunxisses
612 1415 719 1480 varias
747 1415 902 1482 lectiones
931 1416 1017 1483 codi-

58 1524 105 1590 cis
136 1523 169 1588 in
201 1522 316 1588 Museo
340 1522 502 1588 Laurentii
529 1521 673 1604 Pignorii
696 1522 843 1588 Patavini
872 1522 976 1611 (citati
998 1544 1019 1591 a

56 1629 268 1695 Monttaucon
303 1628 485 1696 Bibliotheo
518 1626 745 1696 Bibliothecar.
761 1631 783 1694 Ι.
804 1650 835 1714 p.
853 1629 934 1717 487)
957 1629 1019 1696 nisi

58 1735 251 1803 evanuisset.
301 1735 354 1801 Sic
379 1736 593 1802 tenacioribus
613 1756 664 1802 me
680 1736 741 1802 filis
754 1737 937 1821 implicuisti
951 1737 1016 1819 qui-

57 1844 117 1909 bus
140 1863 202 1908 nec
226 1841 336 1906 volam
362 1861 421 1908 nee
435 1848 548 1926 potero
564 1861 703 1926 unquam
722 1843 884 1927 explicari.
911 1843 1017 1910 aureis

57 1947 270 2035 compedibus
303 1948 405 2013 teneri
437 1936 540 2015 dulce.
587 1950 636 2014 Tu
667 1970 769 2036 perge
807 1972 921 2017 ornare
955 1952 1016 2017 isto

57 2061 154 2139 pacto
178 2074 231 2120 me
254 2055 306 2120 vel
326 2055 555 2138 immerentem,
579 2076 643 2121 non
659 2057 762 2122 minus
780 2058 863 2123 enim
878 2059 1015 2142 plerum-

59 2181 121 2246 que
145 2160 289 2228 delectat
312 2161 395 2227 falsa
419 2182 514 2244 quam
534 2183 611 2229 vera
625 2164 705 2247 laus,
730 2165 811 2231 sieut
826 2165 947 2248 gratius
964 2185 1015 2231 ac·

10 2334 13 2356 ¹
62 2268 137 2335 cidit
159 2268 227 2335 fere
253 2267 338 2352 quod
371 2267 455 2335 dono
485 2270 577 2335 datur
601 2291 695 2352 quam
721 2270 806 2352 quod
830 2291 870 2336 ex
895 2270 1014 2338 debito.

10 2412 13 2435 ;
61 2373 94 2439 id
117 2375 188 2440 Tibi
212 2395 400 2460 persuasum
424 2376 518 2441 velim
551 2397 591 2442 ea
619 2378 667 2442 Tc
695 2396 820 2442 mecum
843 2376 959 2442 amoris
984 2381 1017 2443 et

68 2482 155 2547 officii
168 2481 381 2548 fundamenta
405 2483 532 2564 iecisse,
556 2489 590 2547 ut
605 2483 690 2547 nullo
708 2502 786 2549 casu
801 2502 904 2564 ruere,
929 2484 1016 2550 nulla

69 2605 100 2651 re
121 2588 254 2655 convelli
277 2588 414 2672 possint,
448 2589 537 2656 effice
561 2589 611 2653 Tu
635 2587 729 2654 homo
752 2610 817 2655 non
840 2590 943 2656 minus
966 2591 1014 2655 lit-

75 2695 268 2761 teratissimus
284 2715 379 2776 quam
393 2695 625 2778 integerrimus,
642 2701 676 2760 ut
691 2701 765 2761 voto
782 2695 930 2764 truamur.
954 2696 1014 2763 sed
1141 2756 1149 2779 ,

80 2805 152 2865 certe
173 2821 241 2867 sum
264 2802 390 2884 longior
413 2801 530 2866 amoris
553 2801 679 2868 vinculo
704 2807 865 2869 exunctus
886 2822 947 2887 quo
966 2803 1015 2869 Te

10 2953 17 2979 ‚.
80 2907 256 2989 complector
287 2907 421 2991 coloque
449 2912 545 2991 atquc
575 2907 724 2990 admiror,
755 2907 847 2974 nimis
876 2908 1014 2976 tortasse

10 3020 17 3080 l

10 3141 16 3181 u

10 3247 13 3285 r

81 3007 138 3074 libi
158 3014 318 3095 molestus,
342 3015 450 3094 itaque
473 3013 537 3078 iam
560 3013 715 3080 desinam.
758 3081 761 3087 ,

134 3117 264 3185 Parvum
279 3119 407 3204 quidem
422 3120 492 3185 Tuo
508 3119 628 3185 nomini
646 3120 788 3186 libellum
808 3119 934 3201 dedico,
955 3119 1014 3186 sed

81 3223 106 3281 ut
125 3241 211 3307 spero
237 3247 298 3293 nec
320 3227 448 3292 inanem
477 3245 582 3291 rerum
613 3246 673 3292 nec
695 3227 834 3311 inopem.
859 3226 958 3291 multa
982 3231 1014 3292 et

79 3337 181 3396 remota
201 3333 308 3415 lectio,
332 3333 430 3398 multa
452 3331 539 3397 illum
559 3332 707 3397 formavit
723 3352 832 3416 opera.
869 3333 918 3396 Tu
935 3352 1011 3397 vero

79 3426 181 3503 electus
202 3438 401 3522 potissimum
423 3438 457 3502 in
487 3437 575 3504 cuius
599 3443 756 3522 appareat
778 3438 915 3517 nomine,
948 3458 1012 3502 non

78 3549 127 3616 [1¹¹0
147 3563 211 3612 rem
230 3545 387 3614 tantillam
403 3550 512 3612 tantae
527 3544 633 3610 virtuti
650 3544 861 3625 fortunaeque
878 3543 1013 3614 arbitrer
