2362 4178
397 430 458 489 Lib.
477 433 499 488 l.
534 424 682 502 Epimelest
976 431 1019 501 29

91 664 97 668 ,
126 593 158 656 4.
194 593 390 657 Rosatum
422 592 468 658 sie
499 592 616 659 leeies:
655 590 732 658 felia
764 612 909 657 rosarum
943 594 1017 659 albe

58 681 186 745 sublato
209 680 275 745 lino
297 681 410 746 inseris
438 718 475 728 -
494 687 536 744 ut
559 681 668 746 sutiles
691 680 794 746 faeias
818 719 862 729 -
887 687 919 746 et
941 682 1016 746 vino

58 789 157 850 quam
180 768 332 852 plurimas
355 769 506 849 infundis,
539 774 573 832 ut
602 774 726 852 septem
750 768 863 834 diebus
887 769 920 833 in
942 769 1017 834 vino

58 857 132 922 sint.
156 862 231 940 post
256 863 380 940 septem
405 858 474 922 dies
497 876 603 921 rosam
627 855 669 922 de
687 856 762 922 vino
781 858 865 922 tollis
887 859 919 923 et
938 858 1018 923 alias

57 945 181 1010 sutules
203 951 350 1012 recentes
373 946 516 1011 similiter
539 944 644 1025 mittis,
669 952 703 1009 ut
726 965 784 1031 per
799 946 868 1011 dies
894 952 1018 1030 septem

57 1035 91 1098 in
110 1033 187 1098 vino
207 1035 409 1116 requiescant
429 1039 460 1099 et
479 1053 585 1098 rosam
605 1034 718 1098 eximis
736 1034 887 1100 similiter.
913 1055 934 1099 a
955 1040 1017 1101 ter·

58 1122 103 1186 tia
129 1122 231 1187 taeias
254 1129 286 1188 et
309 1142 414 1187 rosam
439 1123 550 1188 eximis
583 1128 615 1187 et
644 1123 752 1187 vinum
776 1123 865 1188 eolas
889 1129 921 1189 et
944 1143 1017 1188 eum

58 1211 102 1276 ad
127 1210 302 1277 bibendum
325 1212 414 1277 voles
438 1211 492 1292 uti,
521 1209 630 1275 addito
659 1212 754 1277 melle
779 1217 918 1276 rosatum
942 1231 1016 1277 eon·

57 1298 149 1365 fieies
191 1319 271 1365 sane
301 1299 459 1364 custodito
493 1306 526 1363 ut
553 1318 658 1363 rosam
690 1320 710 1364 a
742 1319 813 1364 rore
833 1300 963 1365 siccam
987 1307 1019 1366 et

59 1387 215 1471 optimam
238 1387 355 1457 mittas.
402 1387 554 1453 Similiter
577 1393 731 1471 utsupra
755 1387 797 1453 de
820 1389 907 1453 viola
930 1388 1017 1454 vio·
1089 1439 1096 1450 .

57 1476 190 1542 latum
212 1475 314 1542 facies
338 1482 370 1542 et
393 1476 508 1542 eedem
531 1475 628 1541 modo
651 1477 747 1542 melle
770 1477 966 1561 temperabis

127 1566 327 1630 Rosatum
348 1565 438 1630 sine
458 1584 554 1630 rosa
572 1565 619 1631 sie
638 1564 757 1631 facies:
781 1565 861 1630 folia
883 1565 952 1632 citri
972 1565 1016 1631 vi·

58 1652 144 1718 ridia
172 1653 205 1718 in
236 1654 390 1739 sportella
419 1654 548 1738 palmea
575 1654 608 1717 in
640 1652 759 1718 delium
788 1655 882 1719 musti
912 1654 1016 1719 mittes

59 1747 234 1823 antequam
258 1742 382 1808 ferveat
412 1749 444 1807 et
472 1747 547 1824 post
570 1741 783 1826 quadraginta
806 1741 876 1807 dies
901 1741 1014 1808 exime.

59 1850 134 1896 eum
156 1849 291 1897 neeesse
313 1829 417 1910 fuerit,
442 1831 505 1895 mel
528 1830 631 1896 addes
655 1836 687 1895 et
709 1850 767 1914 pro
792 1836 899 1896 rosato
917 1837 1016 1897 utere.

83 1972 91 1976 ,
128 1918 158 1984 5.
195 1918 337 1985 Oleum
366 1918 620 1984 liburnicum
651 1918 697 1984 sie
728 1918 846 1985 laeies:
878 1919 912 1983 in
945 1918 1018 1985 eleo

58 2026 165 2092 spano
188 2007 293 2074 mittes
317 2007 453 2073 eleninm
478 2012 509 2072 et
532 2009 673 2090 eiperum
700 2013 732 2073 et
755 2007 833 2072 lolia
856 2007 936 2073 lauri
954 2027 1019 2072 non

59 2101 198 2176 vetusta,
222 2101 316 2161 tunsa
331 2096 437 2160 omnia
454 2096 663 2161 exeribellata
681 2095 724 2160 ad
739 2096 932 2161 levissimum
949 2095 1018 2179 pul-

59 2204 171 2251 verem
192 2183 326 2251 redaeta
349 2190 381 2249 et
403 2185 489 2251 sales
511 2183 622 2250 frietos
641 2184 733 2250 tritos
755 2191 786 2250 et
804 2205 863 2271 per
881 2183 1019 2249 triduum

61 2398 85 2450 1.
102 2394 284 2459 ,‚thebaieae‘¹
298 2401 327 2450 et
341 2395 512 2460 „thebarum
567 2395 651 2450 vino
679 2394 805 2448 latium
834 2412 861 2447 π.
890 2393 1019 2448 devio·

60 2482 123 2522 enm
140 2465 267 2531 „dablis“
287 2467 332 2522 vel
345 2466 512 2530 „badiis‘ex
567 2466 679 2519 latum
699 2466 718 2524 ζ.
748 2465 790 2520 de
814 2463 915 2519 viola
939 2465 1019 2520 vio·

60 2536 162 2592 Isidos.
175 2538 217 2600 12,
238 2539 262 2598 1,
279 2536 323 2590 49.
348 2538 396 2592 alii
411 2537 513 2592 aliain-
566 2536 693 2590 latium
712 2536 793 2590 Hum.
812 2536 854 2590 sie
871 2535 1018 2599 Pallam-⁴3.

59 2607 178 2663 veniant
196 2624 230 2662 ex
249 2607 343 2663 Diose.
354 2610 381 2671 5,
390 2608 433 2662 49.
454 2608 513 2664 Ori·
565 2608 610 2661 32.
621 2605 766 2670 violatum,
782 2605 950 2669 violaceum,
960 2606 1020 2660 vio·

59 2679 158 2742 barb,
172 2679 267 2733 25.32.
295 2678 420 2748 Geopon.
432 2679 458 2742 8,
468 2679 510 2732 21.
565 2677 670 2732 latium.
696 2678 828 2732 eoniieias
847 2677 888 2732 de
917 2677 1020 2731 viola

59 2750 133 2805 Plin.
155 2748 511 2814 14‚109.Pa11an.11,14‚
565 2749 716 2802 latieem
743 2754 775 2803 ut
806 2747 928 2803 absinthi
956 2747 1020 2802 lati·

61 2820 105 2875 17.
126 2819 169 2874 18.
190 2850 222 2859 -
249 2836 282 2875 ex
302 2821 314 2880 ζ
331 2821 443 2875 restitui
461 2835 513 2889 prs
568 2835 627 2874 eem
647 2818 718 2873 dixit
736 2819 845 2874 Lueret.
864 2818 890 2883 4,
911 2819 953 2874 16.
980 2818 1019 2873 ni·

60 2892 249 2955 eiusmodi,
282 2892 359 2960 quod
392 2889 513 2946 fortasse
567 2906 649 2944 veum
665 2888 797 2944 Prudent
810 2889 928 2944 cathem.
939 2890 965 2953 3,
975 2888 1019 2944 61.

60 2968 107 3018 est
125 2958 224 3026 „letre“
243 2966 266 3026 ξ.
281 2964 305 3016 1.
568 2961 688 3016 lacteum
712 2960 827 3029 Apulei.
845 2967 910 3015 met
932 2962 956 3023 1,
976 2961 1017 3014 19.

116 3032 190 3087 adl.
218 3032 380 3095 subtilis,
399 3030 514 3085 subti·
623 3031 694 3085 adb.
714 3029 1019 3100 spanoinsexeodd.

58 3103 271 3167 leasutilis,
287 3102 515 3158 sutulesutf0-
568 3119 619 3172 pro
638 3102 795 3170 hispano
815 3101 874 3156 254.
895 3132 928 3140 -
947 3101 1020 3156 ele·

80 3191 117 3230 ue
127 3174 191 3230 loeo
207 3174 235 3228 ln
246 3174 327 3229 codd.
340 3174 438 3229 eadem
450 3189 514 3227 eon·
569 3175 670 3237 nium,
689 3173 733 3227 ell.
745 3179 774 3228 et
786 3174 826 3227 16.
839 3172 1020 3236 inlunium.

59 3190 136 3300 lusio
157 3244 228 3300 Cels.
255 3246 281 3308 8,
302 3243 344 3300 11.
370 3246 397 3299 in
420 3244 513 3312 Priap.
568 3246 597 3299 in
617 3244 661 3299 ed.
683 3260 724 3312 pr.
749 3243 931 3299 helenium
954 3242 1020 3297 seri-

60 3318 107 3381 19,
126 3316 154 3370 3.
174 3315 259 3385 Apul.
275 3322 339 3370 met.
352 3318 375 3380 1,
391 3317 416 3370 6.
435 3316 515 3378 6,18.
570 3317 654 3379 bitur,
674 3312 776 3367 ἑλένιον.
789 3346 821 3355 -
841 3329 1020 3384 θγρθτιιω.

60 3417 95 3427 -
116 3387 256 3446 ιιτνίῃο
276 3387 516 3441 eodm-ater·
570 3386 710 3456 eipery‚
739 3385 853 3455 eiperi
881 3383 1018 3440 scribitur.

59 3454 518 3514 tiefaeiasetrosamexi-
571 3457 801 3526 -promisee
825 3455 906 3510 endd.
926 3469 1018 3509 meum

59 3529 128 3585 mis
143 3544 177 3583 ex
192 3533 232 3592 βπ
243 3545 305 3584 eum
316 3528 397 3583 Hum.
412 3527 519 3583 addidi.
573 3533 692 3597 ,‚p0rro“
711 3528 840 3583 hortatur
858 3533 888 3581 et
906 3524 944 3580 ad
955 3525 1020 3582 mis·

59 3629 95 3644 -
109 3597 457 3670 devielaeiumstytrx.
478 3597 519 3654 de
573 3599 690 3655 sendum
709 3605 791 3671 urget
809 3597 896 3668 quasi.
