2362 4178
389 435 450 491 Lib.
467 432 503 491 H.
539 434 696 505 Sareoptes
971 438 1015 503 49

10 607 14 634 ³
73 587 174 657 tunsae
199 598 230 657 ot
252 590 397 672 fricatae,
423 594 528 659 denuo
556 595 627 676 ipso
657 593 789 659 subtrito
813 595 916 658 itaut
938 615 1013 661 eon-

72 677 187 745 uisceri
218 682 328 762 possit,
359 682 465 746 mittas
495 683 616 765 piperis
654 701 755 762 grana
786 690 817 746 et
847 683 950 747 nuclei
983 689 1015 748 et

71 767 203 832 calcabis
225 768 258 832 in
281 770 413 834 matrice
436 770 518 835 bene
542 770 616 834 lota.
649 769 749 834 etsie
773 776 949 850 coquuntur
972 790 1014 835 ex

66 873 166 937 acqua
189 856 273 936 oleo,
296 857 479 938 liquamine,
499 857 653 922 fasciculo
673 875 837 939 porrorum
858 863 889 922 et
906 864 1011 924 aneto.

126 943 180 1008 33.
206 944 413 1008 Botellum
438 945 483 1010 sic
506 945 624 1009 facies:
650 963 708 1009 sex
732 945 783 1008 ovi
803 945 919 1010 vitellis
940 966 1011 1012 coc·

61 1030 110 1112 tis,
133 1030 256 1097 nucleis
269 1032 372 1114 pineis
389 1032 525 1098 concisis
546 1053 670 1115 cepam,
694 1052 822 1114 porrum
839 1032 1012 1116 concisum,

59 1124 119 1198 tus,
145 1118 278 1206 crudum
301 1119 427 1200 misces,
458 1120 552 1204 piper
573 1121 736 1183 minutum.
769 1125 800 1185 et
823 1119 869 1185 sic
893 1122 1012 1186 intesti-

57 1225 133 1271 num
153 1206 280 1273 farcies.
305 1207 425 1272 adicies
440 1209 600 1291 liquamen
614 1207 763 1274 etvinum
777 1208 865 1274 etsie
881 1228 1011 1290 coques.

125 1295 181 1361 36.
217 1295 454 1362 Lucanicae
485 1296 636 1376 similiter,
667 1302 702 1359 ut
732 1316 830 1379 supra
860 1297 1011 1379 scriptum

57 1388 108 1451 est
139 1380 369 1472 [lucanicarum
386 1382 565 1471 confectiol.
590 1384 701 1450 teritur
722 1385 825 1469 piper,
850 1384 1010 1469 ciminum,

56 1540 202 1597 nucleis
226 1539 284 1595 soll.
312 1539 421 1597 adorna
447 1539 506 1595 134.
561 1541 751 1599 rosmarinum
762 1541 838 1598 ouius
855 1540 930 1596 loliis
940 1543 1012 1598 odor

56 1641 88 1652 —
108 1611 258 1669 matrice
273 1611 363 1667 Lister
375 1629 445 1668 corr.
456 1627 507 1679 pro
562 1613 630 1668 turis
649 1613 692 1676 24,
718 1614 762 1668 99.
788 1613 864 1667 cuius
887 1627 920 1667 ue
945 1628 1011 1668 usus

55 1683 217 1739 materia.
241 1679 313 1736 forte
345 1690 509 1739 materna
561 1690 627 1752 post
649 1698 749 1738 annum
774 1689 882 1737 stomac
903 1699 919 1736 o
938 1684 1010 1738 salu-

55 1754 116 1809 roil.
135 1753 222 1809 vulva
241 1767 274 1807 ex
284 1752 401 1808 Martial.
413 1756 455 1814 13,
465 1753 507 1807 36.
562 1753 695 1808 borrinrus
709 1756 748 1815 19,
761 1753 820 1805 187.
835 1753 956 1819 pastillis
967 1755 1009 1816 29,

55 1824 235 1880 mortario
264 1823 291 1878 b.
317 1823 394 1879 loto
427 1825 507 1877 llum.
562 1826 622 1879 233.
651 1823 744 1878 collat.
770 1824 894 1886 113134,
921 1823 965 1888 46,
985 1825 1008 1877 7.

56 1924 90 1935 -
109 1901 147 1951 33
164 1908 257 1963 aqna
276 1895 356 1950 oleo
380 1895 460 1950 codd.
480 1902 510 1950 ct
564 1895 762 1978 „rosmarinum
786 1895 880 1948 mittes
903 1895 930 1948 in
949 1895 1009 1963 pul-

55 1971 187 2092 1313
204 1964 508 2106 uenturus
561 1973 604 2075 ¹3⁸
621 1982 705 2091 ..lu
713 1964 946 2090 1313331
963 1966 1008 2102 ti:

56 2108 117 2174 laq.»
134 2106 227 2162 locum
245 2121 301 2160 non
321 2106 390 2175 dem.
417 2124 507 2162 meum
562 2105 1007 2174 159),dndopaypaettntapoypa.

56 2193 98 2232 ox
115 2190 232 2247 aequa
250 2175 294 2231 vel
319 2192 440 2246 aequo,
466 2193 507 2232 re·
561 2178 656 2234 Galen.
670 2176 1008 2247 Gloss.llippocr.p.440‚
1074 2166 1089 2191 ⁸

56 2248 187 2303 stitutum
215 2246 281 2300 item
309 2247 350 2301 68.
377 2249 438 2302 399.
463 2248 506 2304 63.
560 2249 666 2305 Athen.
681 2250 705 2312 7,
722 2248 780 2301 124.
801 2249 935 2302 botellum
946 2266 1008 2305 san·

58 2319 117 2372 194.
137 2318 200 2372 269.
220 2322 264 2370 333
281 2316 308 2371 in
324 2332 450 2386 acquam.
470 2317 507 2372 ad
559 2321 689 2388 gninoum
713 2320 880 2373 recentiores
900 2320 1007 2385 Graeci,

57 2403 213 2457 aequam,
250 2387 389 2451 decenter,
425 2389 506 2451 inste.
560 2398 591 2444 ut
622 2389 771 2444 Erotlanns
805 2388 895 2444 Gloss.
924 2391 1006 2461 Hipp.

57 2466 141 2521 recte.
161 2457 450 2528 333133313313374.
470 2459 506 2513 ad
558 2477 586 2530 p.
606 2461 665 2514 296.
685 2458 817 2524 asperetur
842 2467 953 2516 vocant.
975 2492 1007 2500 —-

57 2528 159 2584 iustum
180 2528 222 2583 67.
242 2528 314 2583 iuste
332 2536 430 2585 coctus
446 2530 504 2584 133.
560 2531 693 2586 farcies
712 2547 763 2599 pro
783 2528 900 2586 facies
919 2533 1007 2587 oxed.

58 2616 91 2655 ex
110 2600 170 2654 iure
191 2599 249 2653 133.
275 2600 333 2653 181.
359 2601 419 2655 221.
444 2601 503 2653 232.
558 2619 599 2670 pr.
620 2602 708 2655 3333.

59 2670 118 2733 187,
132 2669 227 2725 omnia
242 2686 303 2723 cum
316 2685 405 2739 aequo
420 2670 504 2724 modo
612 2671 649 2726 ad
667 2672 711 2725 36.
740 2672 1008 2727 condimentum

59 2740 189 2802 conteris,
207 2740 340 2808 Pelagon.
360 2742 403 2794 23.
422 2736 467 2794 lin.
558 2742 635 2797 nullo
660 2743 781 2806 adiecto,
805 2746 836 2796 ut
861 2743 920 2795 224.
946 2743 1007 2798 267.

95 2810 149 2864 .ad
166 2811 211 2865 33.
230 2826 291 2865 sex
310 2827 378 2866 corr.
392 2828 443 2880 pro
458 2828 504 2866 cx.
559 2815 618 2867 272.
639 2814 699 2866 273.
719 2813 780 2869 343.
799 2814 860 2866 339.
879 2813 940 2867 331.
965 2818 1009 2867 333

59 2909 90 2920 -
113 2881 225 2951 aliquot
248 2881 378 2936 librorum
402 2883 505 2951 passim
558 2884 755 2952 petroselinum
802 2883 1009 2938 macedonicum

59 2967 200 3008 recurrens
218 2956 249 3004 ut
261 2951 322 3006 473.
343 2951 504 3016 „'vitellum“
559 2955 684 3009 Dioscor.
704 2956 729 3016 3,
750 2955 791 3007 70.
813 2954 910 3008 Galen.
931 2954 962 3007 Τ.
983 2955 1008 3009 6.

58 3037 107 3090 pro
127 3022 194 3085 „ovi
212 3021 354 3077 vitellum‘*
374 3024 442 3077 artis
461 3039 505 3077 cu·
559 3041 585 3093 p.
606 3025 666 3078 282.
691 3023 784 3078 Kuhn.
803 3025 886 3078 Marc.
905 3025 1009 3092 Empir.

59 3091 173 3148 linarias
191 3092 266 3147 bona
277 3109 331 3148 vox
343 3093 460 3148 videtur.
473 3123 505 3134 -
560 3096 602 3148 26.
621 3090 666 3148 fin.
686 3095 755 3148 Plin.
767 3093 828 3148 Val.
840 3097 865 3158 2,
882 3095 898 3148 8
918 3095 1007 3162 (313.

10 3228 14 3243 ι
59 3170 114 3219 tur
133 3169 163 3218 et
179 3161 263 3218 thus
274 3163 356 3218 codd.
371 3165 418 3231 (ad
429 3164 505 3234 Virg.
560 3165 632 3219 male
642 3165 774 3233 scriptum
795 3165 1008 3230 ‚,autonicum“),

58 3234 89 3290 T.
104 3234 135 3288 V.
155 3250 183 3302 p.
197 3232 257 3287 476.
278 3233 352 3289 Iahn.
373 3235 411 3288 ad
429 3236 505 3289 Pers.
560 3236 693 3304 Pelagon.
713 3238 730 3289 6
749 3252 775 3304 p.
795 3237 837 3290 36.
864 3235 963 3304 Voget.
983 3237 1009 3300 3,

59 3307 82 3369 1,
99 3306 156 3372 43).
177 3304 253 3428 quod
272 3305 359 3359 thuris
377 3307 405 3358 in
424 3323 440 3360 ο
463 3321 506 3359 so·
561 3308 603 3370 68,
616 3309 640 3361 2.
651 3308 677 3369 3,
688 3307 730 3370 67,
741 3307 875 3361 21311131.
886 3308 1007 3369 17,11,2.

57 3377 108 3432 niis
140 3375 232 3430 nulus
261 3375 299 3430 sit
323 3392 397 3439 usus,
453 3392 505 3429 um¹
560 3375 600 3432 St.
622 3378 736 3446 Gregor.
761 3378 788 3430 in
807 3375 906 3430 ldelori
927 3376 1008 3445 dorp.

57 3463 127 3502 corr.
159 3447 214 3500 ius
246 3448 390 3501 crudum.
417 3461 506 3515 nequo
560 3447 657 3503 medic.
679 3447 746 3502 ’1.1.
765 3464 791 3515 p.
810 3447 868 3500 293.
889 3448 1008 3515 interpp.

56 3534 124 3574 uero
143 3516 194 3571 illa
205 3519 297 3573 resina
307 3516 506 3586 intellegenda,
560 3518 598 3572 ad
618 3519 743 3587 Geopon.
766 3520 807 3580 12,
830 3518 852 3579 1,
865 3518 889 3568 2.
910 3517 1009 3586 Spren-

55 3588 107 3658 sod
127 3588 260 3643 libanotis
282 3588 365 3642 Plinii
383 3590 426 3652 20,
446 3588 506 3650 172,
561 3588 607 3657 gel
626 3590 662 3642 ad
673 3589 769 3647 Dioso.
783 3587 801 3641 l.
817 3587 835 3642 l.
848 3587 942 3643 bubon
953 3604 1009 3643 ma-

82 3677 108 3721 c·
123 3678 217 3729 Apicius
231 3679 266 3718 ed.
280 3678 374 3719 necnon.
851 3693 870 3748 4
