2362 4178
469 428 619 488 Praelatio.
978 433 1019 498 19

33 589 197 675 ‘‚,pleuut
220 596 253 656 et
275 609 357 671 quae
380 591 483 660 minus
515 592 596 657 bene
627 612 647 655 a
678 589 770 656 uobis
799 595 872 656 sunt
901 589 1020 656 tradita

59 686 212 778 ‚qlidelius
234 701 407 782 praestent,
438 716 496 761 nos
527 696 650 762 interim
688 695 802 778 Apicio
830 695 931 762 hoooe
961 717 1017 761 no·

59 808 162 885 ,‚stro‚
191 801 244 883 qui
267 801 355 887 prius
377 802 580 868 multifariam
604 807 636 868 et
669 800 854 886 prodigiose
889 802 1016 868 saueius

60 913 156 989 „erat
171 914 204 973 et
217 907 353 990 leoerus,
378 928 462 973 nuno
478 914 583 974 autern
603 926 704 991 opera
722 912 830 973 nostra
850 906 1013 989 qualicun-

60 1032 149 1098 „que
165 1018 197 1078 et
213 1019 364 1095 quantum
386 1014 475 1080 lieuit
496 1014 672 1080 medicatus
697 1018 728 1078 et
750 1012 887 1079 refertus
910 1013 1016 1097 splen-

60 1117 211 1199 „didiore
227 1118 336 1186 habitu
350 1119 538 1202 ingreditur,
564 1120 604 1184 oh
620 1120 730 1185 oculos
748 1119 852 1202 posito
876 1120 1042 1212 contenti,

62 1226 314 1307 ‚,obleotemur“.
338 1245 402 1290 nou
420 1225 623 1310 improbitate
640 1228 787 1313 peeoavit
810 1232 842 1293 et
869 1226 1014 1292 volunta·
1122 1237 1123 1241 ’

60 1337 127 1398 tem
149 1331 260 1398 habuit
282 1331 325 1397 ad
348 1332 495 1416 Apicium
519 1331 753 1398 emendandum
774 1338 805 1399 et
823 1332 856 1398 iu
872 1333 951 1398 loeis
970 1331 1017 1399 fa·

61 1438 224 1505 oilioribus
242 1437 411 1521 aliquoties
429 1457 539 1505 verum
552 1438 713 1507 invenisse
728 1439 805 1506 haut
819 1440 1015 1524 negaverim.

130 1544 185 1613 Sie
213 1544 247 1611 iu
277 1564 374 1611 mauu
398 1545 520 1612 habeus
545 1545 716 1613 editionem
740 1546 929 1632 prinoipem,
961 1546 1016 1613 hu·
1115 1556 1119 1561 “

59 1651 314 1734 melbergiuuam
338 1656 370 1719 et
391 1651 596 1733 listeriuuam,
630 1672 713 1737 quae
736 1672 794 1733 pro
818 1673 882 1718 una
904 1652 1016 1720 heberi

62 1764 200 1846 possunt
221 1778 294 1853 oum
315 1758 442 1824 nonnisi
472 1758 504 1825 in
527 1759 665 1828 minutiis
689 1759 878 1826 dissentiant
905 1795 940 1807 -
967 1779 1016 1825 re·

61 1869 169 1950 liques
191 1865 317 1932 silentio
340 1886 507 1951 premo-
533 1871 564 1932 et
586 1871 716 1952 praeter
738 1866 786 1932 Te
809 1865 903 1932 mutis
917 1866 1016 1949 mogi·

62 1972 136 2039 stris
166 1971 278 2038 similis
306 1972 483 2054 argumenti
512 1993 578 2037 nou
608 1972 710 2039 obiter
741 1978 842 2054 uteus,
874 1971 1017 2058 inprimis

63 2079 224 2146 veteribus
249 2077 391 2158 medicis,
416 2077 547 2164 Apioius
570 2077 655 2146 euim
678 2098 719 2144 ex
738 2077 920 2162 praeseptis
940 2078 1017 2144 artis

60 2185 212 2255 medicae
236 2184 352 2266 ooquit,
377 2183 463 2267 quod
486 2189 597 2270 aperte
621 2183 741 2250 dietum
756 2184 857 2250 habes
873 2203 1015 2270 compos.

64 2293 119 2358 29.
142 2292 195 2356 62.
221 2292 274 2358 63,
300 2291 350 2355 65,
381 2292 454 2356 102.
483 2291 553 2355 103.
580 2290 839 2355 104.105.443.
865 2294 897 2354 et
919 2289 1016 2370 signi·

63 2397 140 2464 lieet
162 2416 341 2482 oxyporum
366 2398 417 2461 33.
450 2398 519 2462 olus
543 2396 637 2461 molle
661 2398 713 2460 97.
739 2400 867 2481 praeter
890 2394 955 2460 alia
978 2394 1020 2462 de

64 2503 180 2588 quibus
210 2502 244 2567 in
273 2503 389 2568 notulis
420 2503 582 2583 monitum,
615 2507 647 2567 et
669 2500 814 2597 additum
837 2499 964 2584 pondus
988 2501 1020 2566 iu

64 2608 172 2675 multis
195 2607 416 2690 eondimeutis,
441 2606 644 2674 severissime
665 2612 697 2672 et
713 2606 955 2690 diligentissime
971 2606 1023 2672 isti

59 2714 114 2781 rei
137 2712 312 2781 culinariue
336 2734 468 2798 operam
491 2711 579 2795 dedi,
603 2712 663 2779 sed
678 2712 733 2777 diu
748 2710 920 2778 meditatus
939 2733 1023 2778 oom-

66 2815 228 2887 mentstus
260 2841 331 2888 oum
362 2840 480 2903 magno
512 2840 583 2885 meo
614 2818 725 2884 dolore
749 2818 835 2884 sensi
862 2817 1026 2885 oodioibus

67 2934 231 2995 serentem
262 2927 339 2992 nihil
366 2927 476 2992 iuvere
510 2926 663 2998 laborem.
698 2924 846 2990 demissis
878 2925 1027 2991 auriculis

65 3053 126 3118 per
149 3033 331 3100 vestitatem
355 3032 478 3099 eiulans
500 3031 709 3114 hominesque
738 3030 886 3114 deosque
915 3031 1028 3118 implo-
1110 3086 1119 3095 ,

66 3159 144 3205 reus
167 3140 209 3205 sb
232 3139 358 3205 Halmio
382 3143 489 3204 nostro
511 3136 626 3204 certior
649 3157 719 3203 sum
743 3137 857 3219 iaetus,
882 3137 1026 3203 Wueste·

67 3265 221 3312 mannum
252 3244 371 3312 dudum
402 3244 478 3310 mihi
507 3245 644 3310 amioum
672 3264 737 3309 uon
769 3243 838 3310 siue
863 3242 1028 3310 oodioibus

67 3372 106 3420 se
126 3372 284 3420 exeruere
306 3352 338 3417 in
362 3351 476 3436 Apioio
494 3350 681 3417 retexendo.
706 3350 848 3416 nuntium
865 3349 1029 3415 confirme-

68 3459 117 3524 vit
141 3457 246 3542 prims
269 3459 406 3542 epistola
428 3476 567 3541 moxque
597 3456 667 3543 puri
694 3456 770 3539 iugo
794 3475 920 3521 meeum
943 3453 1048 3519 nisus.

69 3571 121 3637 est
153 3571 184 3634 et
215 3568 267 3632 leo
299 3565 513 3649 gallinaceum
545 3564 673 3652 speravi
698 3583 768 3631 eum
798 3584 862 3629 uon
884 3560 1034 3630 tieulnum
