2362 4178
407 387 466 445 Lib.
481 388 514 445 V.
553 388 681 461 Ospreos.
950 388 1012 456 105

131 550 202 615 193.
227 549 340 615 Pisa.
377 550 484 614 Pisam
509 570 637 634 coques.
663 570 734 616 cnm
759 549 1011 633 despumaveris,

58 657 199 722 porrum,
225 639 426 704 coriandrum
451 646 482 706 et
506 640 653 706 ciminum
677 659 774 726 supra
796 639 902 705 mittis.
927 645 1012 708 teres

57 727 162 813 piper,
186 727 356 810 ligisticum
381 727 521 816 [careum
539 728 601 794 hoo
618 735 667 794 est
683 725 846 814 caravital,
871 747 1010 810 careum,

57 822 198 897 anetum,
228 817 362 883 ocimum
394 817 504 898 viride,
541 817 705 883 suffundas
735 816 905 899 liquamen,
936 817 1011 883 vino

58 909 91 970 ct
113 905 286 986 liquamine
309 907 513 989 temperabis.
538 905 639 972 facies
654 905 835 971 utierveat.
861 925 932 972 oum
949 906 1011 973 ier·

56 994 171 1074 ruerit,
196 995 344 1075 agitabis.
369 994 395 1059 si
420 994 495 1077 quid
519 994 665 1076 defuerit,
695 993 799 1059 mittes
828 1000 860 1059 et
882 994 1011 1063 inferes.

127 1083 200 1148 194.
225 1083 362 1149 Pisam
379 1083 590 1150 farsilem:
616 1102 745 1165 coques,
761 1082 929 1148 cuioleum
943 1083 1012 1148 mit·
1035 1162 1039 1169 ι

54 1171 105 1236 tis.
154 1170 323 1237 Abdomen
348 1178 380 1238 et
402 1172 497 1237 mittis
520 1172 554 1237 in
577 1173 763 1251 caccabum,
795 1171 956 1252 liquamen
980 1178 1012 1238 et

55 1279 188 1343 porrum
220 1261 404 1344 capitatum,
446 1259 647 1326 coriandrum
677 1258 789 1341 viride,
820 1260 947 1342 inponis
978 1266 1012 1326 ut

56 1353 222 1430 coquatur.
253 1349 345 1415 isicia
377 1349 496 1414 minuta
526 1349 626 1415 facies
656 1348 813 1431 quadrata
837 1355 869 1414 et
892 1368 1011 1430 coques

55 1437 149 1502 simul
180 1438 291 1503 turdos
321 1439 374 1504 vel
409 1439 550 1504 ancellas
574 1440 626 1505 vel
650 1438 690 1504 de
713 1438 800 1521 pullo
826 1437 956 1503 concisa
981 1445 1013 1504 et

57 1527 221 1591 cerebella
243 1547 344 1611 prope
369 1533 461 1593 cocta
486 1548 557 1591 cum
580 1527 714 1593 iuscello
740 1546 868 1607 coques.
909 1527 1010 1592 Luca-

55 1615 147 1681 nicas
178 1635 279 1681 assas.
325 1617 517 1682 Petasonem
551 1616 653 1682 elixas
709 1616 826 1680 Porros
858 1636 899 1680 ex
927 1634 1012 1696 aqua

55 1704 177 1785 coquis.
230 1705 424 1769 Nucleorum
457 1705 593 1770 eminam
625 1703 725 1785 frigia.
778 1704 879 1769 Terea
907 1705 1010 1787 piper,

54 1791 237 1874 ligisticum,
270 1793 447 1875 origanum,
480 1793 637 1876 gingiber,
667 1793 716 1858 ius
740 1791 919 1857 abdominis
941 1792 1010 1855 i'un-

56 1879 115 1962 dis,
140 1880 211 1945 lias.
258 1881 455 1963 singularem
472 1882 612 1967 accipies
632 1920 672 1928 -
700 1882 883 1946 conversari
905 1886 1012 1963 potest

57 2007 96 2016 —
122 1975 155 2034 et
177 1970 312 2035 omentis
342 1971 436 2052 tegis,
470 1972 574 2035 oleum
598 1969 775 2054 profundis,
806 1969 924 2034 deinde
955 1989 1010 2034 nu-

55 2057 143 2123 cleos
167 2058 316 2140 aspargis
340 2066 371 2124 et
394 2050 491 2142 §upra
514 2058 617 2144 pisam
641 2059 748 2140 mittis,
773 2064 807 2120 ut
829 2064 922 2140 tegas
941 2058 1011 2122 fun·

55 2145 130 2210 dum
154 2145 319 2228 angularis
344 2153 376 2213 et
398 2146 444 2212 sic
469 2147 624 2231 conponis
641 2167 739 2231 supra
757 2146 922 2229 petasouis
942 2147 1010 2231 pul·

54 2254 125 2318 pas,
150 2253 275 2320 porros,
299 2236 461 2302 lucanicas
478 2235 633 2302 concisas.
653 2237 765 2301 iterum
782 2233 886 2316 pisam
901 2253 1010 2319 super-

53 2322 162 2387 mittis.
187 2323 263 2388 item
286 2324 416 2391 alternis
441 2324 568 2410 aptabis
593 2325 736 2405 obsonia,
766 2342 931 2404 quousque
954 2321 1010 2387 im·

54 2482 185 2535 riutam
205 2479 350 2536 codhum.
369 2483 507 2538 undame-

56 2553 134 2606 dious
171 2553 285 2621 scripsit
322 2560 506 2609 careotam

53 2623 89 2677 de
109 2622 203 2678 radice
223 2623 296 2677 carei
311 2638 382 2691 quae
393 2629 507 2678 carecta

55 2699 171 2748 vocetur
189 2694 375 2761 interpretans
395 2700 424 2749 et
437 2694 506 2748 altc-

55 2781 113 2818 rum
129 2779 238 2818 careum
250 2763 284 2818 de
295 2764 417 2819 eiusdem
428 2765 505 2833 plan·

10 2844 17 2905 q
56 2842 101 2890 tae
121 2835 233 2890 semine.
253 2850 307 2903 ego
327 2835 412 2889 malui
431 2835 505 2889 unci-

10 2914 15 2971 ξ
54 2906 96 2960 nis
108 2904 263 2960 secludere.
282 2902 316 2959 ci.
329 2905 369 2958 ul.
382 2937 414 2945 -
426 2923 443 2960 o
453 2922 505 2976 cy-

55 2993 140 3030 mum
160 2975 203 3030 ed.
223 2991 264 3044 pr.
284 2975 318 3029 H.

10 3030 15 3093 l
106 3046 144 3100 ad
165 3045 224 3100 194.
263 3046 304 3100 sic
322 3047 440 3114 imperat
460 3063 505 3100 oo·

20 3138 28 3155 ·
55 3132 140 3184 quas:
158 3116 248 3184 pisam
267 3121 299 3170 ut
317 3132 451 3171 summam
465 3117 506 3171 rei

56 3202 89 3240 ex
107 3187 171 3242 oleo
191 3202 280 3255 coque
299 3187 327 3240 in
345 3203 412 3242 vase
425 3203 505 3255 sepa-

22 3306 25 3311 .
55 3263 126 3320 rato,
148 3257 215 3312 item
240 3258 268 3311 in
293 3264 425 3325 separato
445 3273 505 3312 cac-

56 3327 127 3382 cabo
145 3327 284 3382 abdomen
300 3344 334 3383 ex
347 3328 504 3397 liquamine.

57 3413 149 3465 porro,
177 3398 333 3465 coriandro,
368 3398 504 3467 simulque

56 3468 163 3521 isiciola
191 3468 355 3523 tessellatim
384 3470 503 3531 conoma,

57 3539 153 3594 turdos
177 3538 222 3595 vel
248 3539 370 3594 ancellas
389 3539 503 3609 pulpam

561 2481 694 2550 pullinam
720 2487 749 2535 et
775 2480 921 2543 cerebella,
949 2496 1010 2535 aro·

561 2559 637 2606 mata
655 2551 735 2606 adice
754 2553 834 2621 piper
852 2553 956 2614 tritum,
979 2552 1010 2605 li-

560 2623 709 2690 gusticum,
720 2625 865 2691 origanum
872 2623 1008 2691 gingiber.

560 2694 661 2749 deinde
680 2708 744 2748 assa
763 2694 910 2755 lucanioas.
936 2693 1010 2747 elixa

559 2770 738 2832 petasones,
775 2781 864 2833 coquo
900 2779 1011 2832 porros,

559 2835 631 2904 frige
650 2835 772 2889 nucleos.
793 2841 851 2888 tum
870 2835 898 2887 in
908 2834 1010 2889 formu-

559 2905 595 2969 la,
624 2912 773 2974 postquam
807 2906 866 2960 eius
894 2904 1010 2960 fundum

560 2976 678 3030 omentis
707 2976 816 3038 texisti,
849 2976 940 3030 oleum
968 2974 1009 3030 fu·

560 3046 627 3100 disti
655 3052 684 3100 et
714 3046 828 3101 nucleos
856 3046 1009 3113 aspersisti,

560 3122 671 3171 exstrue
694 3131 831 3170 massam:
857 3117 945 3184 primo
968 3118 1003 3184 pi·

560 3203 618 3242 sam
629 3193 739 3242 coctam
748 3188 836 3250 mitte,
855 3202 1008 3254 supeream

561 3274 696 3325 compone
733 3259 876 3326 petasonis
913 3257 1009 3312 elixati

558 3328 667 3396 pulpas,
692 3344 790 3396 porros
810 3334 913 3382 coctos.
928 3328 1008 3381 luca-

558 3400 635 3452 nioas
669 3405 779 3454 assatas
813 3403 842 3452 et
873 3399 1007 3460 concisas,

558 3470 658 3523 iterum
674 3470 762 3537 pisam
773 3468 936 3535 supermitte
947 3474 1007 3521 tan·

559 3555 641 3609 quam
651 3555 752 3594 novam
764 3544 922 3602 straturam,
942 3539 1008 3595 dein
