2362 4178
180 405 222 470 82
241 421 253 440 ⁶
488 400 548 460 Lib.
561 404 608 461 IV.
640 404 803 461 Pandectes.

249 563 321 629 145.
354 556 559 629 Pa'tellam
589 565 886 630 lucretiauam:
931 584 1029 649 cepas
1058 560 1110 647 pal·
1170 642 1173 647 ι

179 651 332 718 lachauas
362 671 483 735 purgas
517 690 555 698 -
588 652 702 717 viridia
733 672 841 717 earum
870 652 1009 735 proicies
1033 690 1071 702 -
1088 651 1113 715 iu
1169 654 1173 728 ξ

179 740 320 825 patinam
352 739 514 821 conoides,
549 739 728 821 liquaminis
759 740 929 821 modicum,
966 740 1066 807 oleum
1091 745 1116 805 et

180 847 306 911 aquam.
332 828 407 892 dum
431 829 584 911 coquitur,
609 829 727 893 salsum
751 827 882 893 crudum
896 828 930 892 in
954 829 1059 894 medio
1072 847 1117 911 po·

179 918 238 983 nis.
269 921 303 980 at
332 915 386 981 ubi
417 936 488 981 cum
517 917 602 980 salso
633 936 735 1000 prope
767 923 859 981 cocta
882 915 987 997 fuerit,
1018 917 1121 982 mellae

182 1005 328 1071 oocleare
360 1023 525 1087 asperges,
558 1005 640 1070 aceti
672 1011 703 1069 et
734 1003 858 1069 defricti
891 1004 1041 1088 pusillum
1074 1023 1122 1087 gu·

181 1100 258 1174 stas,
282 1092 309 1156 si
331 1091 452 1157 fatuum
474 1093 595 1173 exierit,
620 1093 779 1173 liquamen
804 1091 936 1173 adicies,
960 1092 988 1157 si
1004 1094 1124 1174 salsum,

181 1181 283 1248 mellis
311 1179 481 1246 modicum.
514 1188 546 1246 et
575 1199 724 1246 coronam
754 1180 906 1245 bubulam
930 1183 1078 1265 aspargis
1100 1187 1128 1246 et

181 1271 302 1337 bulliat.
447 1281 450 1285 ’

251 1357 323 1424 146.
347 1356 536 1420 Patinam
561 1355 609 1422 de
633 1355 801 1438 legitis:
825 1355 1067 1440 lagitasrades,
1088 1358 1128 1424 ls-

181 1466 248 1511 vas.
280 1465 341 1510 ova
372 1442 555 1526 confringes
579 1450 610 1510 et
633 1464 705 1511 cum
727 1445 833 1526 legitis
858 1445 1048 1528 conmissus,
1079 1446 1129 1512 od·

180 1534 259 1600 icies
272 1534 443 1615 liquamen,
467 1533 584 1614 vinum,
605 1533 710 1598 oleum
740 1532 841 1598 facies
856 1539 891 1597 ut
906 1531 1044 1601 ferveat
1066 1554 1130 1601 oum

181 1622 342 1701 fervuerit,
374 1640 569 1703 oenogarum
598 1621 734 1704 simplex
757 1621 944 1705 perfundes.
970 1623 1130 1711 piparas

181 1711 292 1796 pergis
316 1716 348 1776 et
368 1708 497 1776 inferes.

183 1928 212 1979 nt
229 1926 408 1990 rqayoptyavoc
432 1936 475 1986 ap.
496 1919 564 1973 Pliu.
585 1920 629 1982 20,
683 1917 780 1973 fronde
799 1919 967 1990 saepiusque
993 1927 1131 1977 resecetur

184 1993 244 2046 170.
272 1992 365 2046 Diosc.
394 1994 419 2053 3,
438 1993 480 2044 32.
510 2006 580 2058 quae
605 1991 629 2045 si
682 1997 842 2057 utporrum,
862 1991 1132 2054 Ρ11ιι.19,105.101.

182 2078 249 2118 vera
267 2068 339 2124 sunt,
360 2062 454 2115 Nostri
473 2061 570 2127 planta
581 2061 629 2114 ha·
683 2061 792 2114 videtur
822 2068 851 2115 et
875 2060 942 2115 mihi
968 2062 1025 2116 dici
1050 2079 1132 2133 posse

180 2134 272 2190 henda
291 2137 335 2187 est
355 2132 471 2199 ὀρίγανος
483 2132 556 2198 ἀγρία
576 2132 628 2185 Eu-
682 2130 777 2184 allium
802 2127 888 2188 fissile
913 2148 1045 2200 perenne.
1070 2150 1132 2188 --e

180 2205 244 2260 meli
263 2204 290 2257 iu
303 2203 439 2271 Hippietr.
461 2219 487 2270 p.
499 2203 559 2255 ⁶202.
579 2217 629 2256 seu
682 2201 808 2255 codicum
836 2202 944 2258 melle
971 2219 1024 2271 pro
1053 2205 1129 2259 Ηιιιιι.

180 2275 311 2347 thymbra
331 2272 443 2341 θύμβρα,
463 2286 544 2342 quam
564 2273 629 2340 quia
682 2272 800 2326 mellis
818 2273 917 2327 reduxi
935 2274 1130 2330 minuspotaru

180 2348 249 2402 cibis
267 2345 490 2413 adspergebatur
515 2347 628 2411 θυμβρι-
684 2358 780 2396 vocem
800 2359 837 2408 en
853 2343 959 2398 Colum.
983 2346 1026 2407 12,
1044 2345 1090 2406 49.
1108 2348 1130 2400 3.

180 2415 314 2467 πίδειπνον
337 2415 405 2468 dicit
423 2413 628 2480 Aristophanes
686 2414 725 2474 12,
747 2416 788 2475 11,
807 2415 831 2466 2.
857 2414 969 2479 deducta
995 2416 1089 2471 Dione„
1109 2418 1131 2478 5,

180 2486 330 2542 uentae.
358 2486 480 2539 satureia
499 2483 629 2553 thymbra
683 2483 724 2536 17.
736 2483 842 2539 mulsae
852 2499 943 2552 aquae
973 2501 1051 2541 enus.
1069 2487 1131 2541 mel·

179 2560 210 2613 L.
237 2571 349 2626 grosser
382 2561 504 2624 esturney,
530 2554 628 2608 aeehte
681 2553 781 2608 lactum
807 2562 934 2622 tempore
983 2557 1040 2611 onii
1067 2558 1132 2612 llar-

179 2627 316 2699 thymhra.
682 2623 1131 2697 oellip.379.a.dicebaturquod

232 2698 269 2752 ad
291 2697 349 2750 145.
371 2693 513 2748 luroretius
534 2695 577 2747 cui
594 2710 628 2748 ea
681 2700 765 2749 antea
783 2710 860 2763 sapa.
874 2725 904 2733 -
917 2695 1072 2761 deitati,
1083 2698 1131 2753 de·

178 2770 275 2837 patina
299 2767 327 2819 in
352 2782 403 2819 usu
422 2769 483 2819 erat
501 2764 625 2819 Ciceroni
680 2763 793 2820 t‘retlri
819 2766 901 2820 codd.
929 2766 1071 2823 defruti
1091 2768 1130 2824 ed.

179 2844 223 2893 est
251 2837 384 2905 aequalis.
416 2835 625 2903 pallacanas
679 2851 719 2902 pr.
740 2836 781 2889 67.
803 2836 993 2892 -exierit
1018 2841 1130 2894 exstite-

178 2910 267 2962 minus
286 2908 356 2962 bene
375 2907 402 2960 in
421 2906 529 2973 aliquot
548 2906 625 2959 libris
679 2907 723 2967 rit,
744 2908 873 2970 evaserit,
893 2906 1130 2977 ettvopkennd

177 2986 207 3034 et
231 2980 292 3033 409.
318 2984 382 3032 sunt
410 2977 481 3030 euim
510 2991 624 3044 quarum
678 2977 778 3046 Hygin.
800 2977 855 3031 fab.
875 2977 922 3033 84.
957 2980 1039 3033 .161.
1062 2997 1128 3035 corr.

178 3051 255 3120 palla
273 3065 322 3103 seu
341 3049 436 3102 tunica
448 3046 515 3107 hiat.
533 3053 624 3113 χαίνει,
677 3063 729 3114 pro
749 3045 865 3111 fuerit,
886 3047 923 3104 ef
945 3051 1052 3115 uerit,
1078 3067 1132 3107 εχ.

175 3122 261 3189 petra
286 3127 417 3182 estnon
441 3116 544 3185 ἀχανὴς.
571 3118 624 3170 He·
677 3118 781 3172 uerit.
810 3119 899 3187 magis
926 3120 1042 3188 placeat
1071 3122 1131 3177 aliis

177 3191 252 3263 syth.
280 3189 452 3257 παλλᾶχανον·
482 3188 626 3255 κρόμμυον.
682 3187 714 3240 ln
751 3187 810 3242 fat.
853 3190 1005 3247 exierit.
1037 3223 1071 3233 -
1099 3198 1133 3248 ut
1170 3230 1173 3241 ·

176 3277 211 3317 ea
229 3276 307 3329 cepa,
327 3260 496 3315 Graecorum
518 3258 627 3324 γήθυον,
682 3258 765 3312 bull.
787 3260 868 3313 codd.

175 3333 284 3402 γήτειον,
303 3338 414 3385 nonest
430 3330 562 3397 capitata,
583 3343 628 3381 ca·
734 3329 771 3382 ad
793 3330 850 3383 146.
883 3331 964 3386 deest
982 3331 1011 3387 in
1030 3333 1075 3387 ed
1094 3348 1131 3402 pr.

175 3412 227 3473 put
243 3419 298 3457 nou
310 3401 465 3462 crasesoit,
484 3414 572 3467 paene
584 3406 628 3453 est
683 3429 714 3438 »-
743 3401 880 3468 lagitis,
908 3401 1061 3471 legatis
1087 3403 1132 3459 le·

176 3475 234 3530 sine
254 3473 354 3541 capite,
380 3471 495 3526 cervicis
519 3475 627 3523 tautum
681 3471 789 3538 gatis,
809 3471 938 3540 ligatis
957 3472 1012 3527 eod
1032 3475 1132 3530 141.-
1170 3488 1173 3537 1

176 3545 279 3621 longae
313 3551 342 3599 et
375 3543 440 3597 ideo
476 3546 568 3595 totum
599 3542 625 3594 iu
680 3542 779 3610 supple
798 3543 937 3610 quaedam
957 3559 993 3599 ex
1013 3546 1077 3607 140.
