<?xml version="1.0" encoding="UTF-8"?>
<!DOCTYPE html PUBLIC "-//W3C//DTD XHTML 1.0 Transitional//EN"
    "http://www.w3.org/TR/xhtml1/DTD/xhtml1-transitional.dtd">
<html xmlns="http://www.w3.org/1999/xhtml" xml:lang="en" lang="en">
 <head>
  <title>
</title>
<meta http-equiv="Content-Type" content="text/html;charset=utf-8" />
  <meta name='ocr-system' content='tesseract 3.04.00' />
  <meta name='ocr-capabilities' content='ocr_page ocr_carea ocr_par ocr_line ocrx_word'/>
</head>
<body>
  <div class='ocr_page' id='page_1' title='image "apicicaeliderec00apicgoog_0094.png"; bbox 0 0 2362 4178; ppageno 0'>
   <div class='ocr_carea' id='block_1_1' title="bbox 428 112 1068 193">
    <p class='ocr_par' dir='ltr' id='par_1_1' title="bbox 428 112 1068 193">
     <span class='ocr_line' id='line_1_1' title="bbox 428 112 1068 193; baseline 0.025 -16"><span class='ocrx_word' id='word_1_1' title='bbox 428 117 489 177; x_wconf 86' lang='lat' dir='ltr'><strong>Lib.</strong></span> <span class='ocrx_word' id='word_1_2' title='bbox 508 119 555 178; x_wconf 86' lang='lat' dir='ltr'><strong>1v.</strong></span> <span class='ocrx_word' id='word_1_3' title='bbox 592 112 756 181; x_wconf 81' lang='lat' dir='ltr'><strong>Paideotes.</strong></span> <span class='ocrx_word' id='word_1_4' title='bbox 827 153 830 158; x_wconf 37' lang='lat' dir='ltr'>v</span> <span class='ocrx_word' id='word_1_5' title='bbox 1027 125 1068 193; x_wconf 85' lang='grc'><strong>87</strong></span> 
     </span>
    </p>
   </div>
   <div class='ocr_carea' id='block_1_2' title="bbox 73 278 1101 3195">
    <p class='ocr_par' dir='ltr' id='par_1_2' title="bbox 189 278 1070 370">
     <span class='ocr_line' id='line_1_2' title="bbox 189 278 1070 370; baseline 0.01 -26"><span class='ocrx_word' id='word_1_6' title='bbox 189 278 248 346; x_wconf 93' lang='grc'><strong>158</strong></span> <span class='ocrx_word' id='word_1_7' title='bbox 285 278 445 346; x_wconf 84' lang='lat' dir='ltr'><strong>Sardos</strong></span> <span class='ocrx_word' id='word_1_8' title='bbox 465 281 526 348; x_wconf 92' lang='lat' dir='ltr'><strong>sic</strong></span> <span class='ocrx_word' id='word_1_9' title='bbox 545 280 699 349; x_wconf 84' lang='lat' dir='ltr'><strong>facies:</strong></span> <span class='ocrx_word' id='word_1_10' title='bbox 724 288 808 350; x_wconf 87' lang='lat' dir='ltr'><strong>tores</strong></span> <span class='ocrx_word' id='word_1_11' title='bbox 823 282 925 370; x_wconf 88' lang='lat' dir='ltr'><strong>piper,</strong></span> <span class='ocrx_word' id='word_1_12' title='bbox 942 283 1070 369; x_wconf 84' lang='lat' dir='ltr'><strong>ligistioi</strong></span> 
     </span>
    </p>

    <p class='ocr_par' dir='ltr' id='par_1_3' title="bbox 73 367 1071 455">
     <span class='ocr_line' id='line_1_3' title="bbox 73 367 1071 455; baseline 0.01 -25"><span class='ocrx_word' id='word_1_13' title='bbox 73 370 82 383; x_wconf 80' lang='grc'>’</span> <span class='ocrx_word' id='word_1_14' title='bbox 128 380 237 450; x_wconf 84' lang='lat' dir='ltr'><strong>semen,</strong></span> <span class='ocrx_word' id='word_1_15' title='bbox 262 367 440 452; x_wconf 82' lang='lat' dir='ltr'><strong>origanum,</strong></span> <span class='ocrx_word' id='word_1_16' title='bbox 465 391 580 455; x_wconf 92' lang='lat' dir='ltr'><strong>cepam</strong></span> <span class='ocrx_word' id='word_1_17' title='bbox 600 370 729 453; x_wconf 90' lang='lat' dir='ltr'><strong>siccam,</strong></span> <span class='ocrx_word' id='word_1_18' title='bbox 754 391 885 438; x_wconf 87' lang='lat' dir='ltr'><strong>ovorum</strong></span> <span class='ocrx_word' id='word_1_19' title='bbox 908 379 1071 440; x_wconf 89' lang='lat' dir='ltr'><strong>coctorum</strong></span> 
     </span>
    </p>

    <p class='ocr_par' dir='ltr' id='par_1_4' title="bbox 118 453 1072 629">
     <span class='ocr_line' id='line_1_4' title="bbox 125 453 1072 552; baseline 0.011 -31"><span class='ocrx_word' id='word_1_20' title='bbox 125 453 235 538; x_wconf 80' lang='grc'><strong>1116116,</strong></span> <span class='ocrx_word' id='word_1_21' title='bbox 259 462 397 540; x_wconf 88' lang='lat' dir='ltr'><strong>acetum,</strong></span> <span class='ocrx_word' id='word_1_22' title='bbox 430 458 543 526; x_wconf 90' lang='lat' dir='ltr'><strong>oleum.</strong></span> <span class='ocrx_word' id='word_1_23' title='bbox 576 458 657 526; x_wconf 90' lang='lat' dir='ltr'><strong>haec</strong></span> <span class='ocrx_word' id='word_1_24' title='bbox 679 460 712 525; x_wconf 91' lang='lat' dir='ltr'><strong>in</strong></span> <span class='ocrx_word' id='word_1_25' title='bbox 735 480 831 525; x_wconf 93' lang='lat' dir='ltr'><strong>unum</strong></span> <span class='ocrx_word' id='word_1_26' title='bbox 853 466 1015 552; x_wconf 78' lang='lat' dir='ltr'><strong>temperas</strong></span> <span class='ocrx_word' id='word_1_27' title='bbox 1039 469 1072 531; x_wconf 89' lang='lat' dir='ltr'><strong>ct</strong></span> 
     </span>
     <span class='ocr_line' id='line_1_5' title="bbox 118 542 300 629; baseline -0.011 -18"><span class='ocrx_word' id='word_1_28' title='bbox 118 542 300 629; x_wconf 83' lang='lat' dir='ltr'><strong>perfundes.</strong></span> 
     </span>
    </p>

    <p class='ocr_par' dir='ltr' id='par_1_5' title="bbox 109 635 1073 1252">
     <span class='ocr_line' id='line_1_6' title="bbox 186 635 1070 723; baseline 0.007 -24"><span class='ocrx_word' id='word_1_29' title='bbox 186 635 259 700; x_wconf 85' lang='lat'>159.</span> <span class='ocrx_word' id='word_1_30' title='bbox 284 636 366 700; x_wconf 83' lang='lat' dir='ltr'><strong>Item</strong></span> <span class='ocrx_word' id='word_1_31' title='bbox 389 635 532 718; x_wconf 81' lang='lat' dir='ltr'><strong>pisces</strong></span> <span class='ocrx_word' id='word_1_32' title='bbox 554 637 593 700; x_wconf 94' lang='lat' dir='ltr'><strong>in</strong></span> <span class='ocrx_word' id='word_1_33' title='bbox 616 637 834 718; x_wconf 83' lang='lat' dir='ltr'><strong>eleogaro:</strong></span> <span class='ocrx_word' id='word_1_34' title='bbox 859 637 1070 723; x_wconf 90' lang='lat' dir='ltr'><strong>acrudopis-</strong></span> 
     </span>
     <span class='ocr_line' id='line_1_7' title="bbox 116 722 1072 810; baseline 0.005 -21"><span class='ocrx_word' id='word_1_35' title='bbox 116 743 171 790; x_wconf 87' lang='lat' dir='ltr'><strong>ees</strong></span> <span class='ocrx_word' id='word_1_36' title='bbox 195 744 276 807; x_wconf 92' lang='lat' dir='ltr'><strong>quos</strong></span> <span class='ocrx_word' id='word_1_37' title='bbox 299 722 439 789; x_wconf 84' lang='lat' dir='ltr'><strong>volueris</strong></span> <span class='ocrx_word' id='word_1_38' title='bbox 463 725 562 805; x_wconf 87' lang='lat' dir='ltr'><strong>lavas,</strong></span> <span class='ocrx_word' id='word_1_39' title='bbox 595 725 750 809; x_wconf 83' lang='lat' dir='ltr'>conponis</span> <span class='ocrx_word' id='word_1_40' title='bbox 773 725 806 790; x_wconf 93' lang='lat' dir='ltr'><strong>in</strong></span> <span class='ocrx_word' id='word_1_41' title='bbox 828 727 946 810; x_wconf 90' lang='lat' dir='ltr'><strong>patina,</strong></span> <span class='ocrx_word' id='word_1_42' title='bbox 975 727 1072 794; x_wconf 92' lang='lat' dir='ltr'><strong>mittis</strong></span> 
     </span>
     <span class='ocr_line' id='line_1_8' title="bbox 113 812 1070 898; baseline 0.004 -21"><span class='ocrx_word' id='word_1_43' title='bbox 113 813 232 895; x_wconf 91' lang='lat' dir='ltr'><strong>oleum,</strong></span> <span class='ocrx_word' id='word_1_44' title='bbox 256 812 429 894; x_wconf 80' lang='lat' dir='ltr'><strong>liquamen,</strong></span> <span class='ocrx_word' id='word_1_45' title='bbox 454 812 571 894; x_wconf 82' lang='lat' dir='ltr'><strong>vinum,</strong></span> <span class='ocrx_word' id='word_1_46' title='bbox 595 812 767 879; x_wconf 81' lang='lat' dir='ltr'><strong>fasciculos</strong></span> <span class='ocrx_word' id='word_1_47' title='bbox 790 814 877 898; x_wconf 91' lang='lat' dir='ltr'><strong>porri</strong></span> <span class='ocrx_word' id='word_1_48' title='bbox 898 821 931 879; x_wconf 90' lang='lat' dir='ltr'><strong>et</strong></span> <span class='ocrx_word' id='word_1_49' title='bbox 949 818 1070 882; x_wconf 88' lang='lat' dir='ltr'><strong>corian-</strong></span> 
     </span>
     <span class='ocr_line' id='line_1_9' title="bbox 113 900 1073 986; baseline 0.002 -19"><span class='ocrx_word' id='word_1_50' title='bbox 113 900 174 967; x_wconf 92' lang='lat' dir='ltr'><strong>dri.</strong></span> <span class='ocrx_word' id='word_1_51' title='bbox 209 901 364 983; x_wconf 83' lang='lat' dir='ltr'>coquitur.</span> <span class='ocrx_word' id='word_1_52' title='bbox 397 906 481 966; x_wconf 92' lang='lat' dir='ltr'><strong>teres</strong></span> <span class='ocrx_word' id='word_1_53' title='bbox 511 900 614 985; x_wconf 86' lang='lat' dir='ltr'><strong>piper,</strong></span> <span class='ocrx_word' id='word_1_54' title='bbox 644 900 820 984; x_wconf 81' lang='lat' dir='ltr'><strong>origanum,</strong></span> <span class='ocrx_word' id='word_1_55' title='bbox 844 901 1016 986; x_wconf 85' lang='lat' dir='ltr'><strong>ligisticum</strong></span> <span class='ocrx_word' id='word_1_56' title='bbox 1040 910 1073 971; x_wconf 89' lang='lat' dir='ltr'><strong>et</strong></span> 
     </span>
     <span class='ocr_line' id='line_1_10' title="bbox 111 989 1072 1076; baseline 0.004 -22"><span class='ocrx_word' id='word_1_57' title='bbox 111 989 288 1057; x_wconf 84' lang='lat' dir='ltr'><strong>fasciculos</strong></span> <span class='ocrx_word' id='word_1_58' title='bbox 305 1009 384 1071; x_wconf 89' lang='lat' dir='ltr'><strong>quos</strong></span> <span class='ocrx_word' id='word_1_59' title='bbox 402 990 528 1055; x_wconf 86' lang='lat' dir='ltr'><strong>elixasti</strong></span> <span class='ocrx_word' id='word_1_60' title='bbox 551 1000 637 1055; x_wconf 89' lang='lat' dir='ltr'><strong>teres</strong></span> <span class='ocrx_word' id='word_1_61' title='bbox 661 997 693 1055; x_wconf 90' lang='lat' dir='ltr'><strong>et</strong></span> <span class='ocrx_word' id='word_1_62' title='bbox 715 989 881 1057; x_wconf 83' lang='lat' dir='ltr'><strong>suffundas</strong></span> <span class='ocrx_word' id='word_1_63' title='bbox 903 992 1072 1076; x_wconf 86' lang='lat' dir='ltr'><strong>inpensam</strong></span> 
     </span>
     <span class='ocr_line' id='line_1_11' title="bbox 112 1077 1071 1167; baseline 0.002 -23"><span class='ocrx_word' id='word_1_64' title='bbox 112 1078 156 1145; x_wconf 92' lang='lat' dir='ltr'><strong>de</strong></span> <span class='ocrx_word' id='word_1_65' title='bbox 184 1077 303 1165; x_wconf 88' lang='lat' dir='ltr'><strong>patina.</strong></span> <span class='ocrx_word' id='word_1_66' title='bbox 328 1077 409 1144; x_wconf 82' lang='lat' dir='ltr'><strong>lacis</strong></span> <span class='ocrx_word' id='word_1_67' title='bbox 433 1084 466 1142; x_wconf 88' lang='lat' dir='ltr'><strong>ut</strong></span> <span class='ocrx_word' id='word_1_68' title='bbox 489 1078 619 1161; x_wconf 82' lang='lat' dir='ltr'><strong>obliget.</strong></span> <span class='ocrx_word' id='word_1_69' title='bbox 650 1097 720 1143; x_wconf 90' lang='lat' dir='ltr'><strong>oum</strong></span> <span class='ocrx_word' id='word_1_70' title='bbox 745 1079 827 1144; x_wconf 93' lang='lat' dir='ltr'><strong>bene</strong></span> <span class='ocrx_word' id='word_1_71' title='bbox 850 1080 996 1163; x_wconf 84' lang='lat' dir='ltr'><strong>tenuerit,</strong></span> <span class='ocrx_word' id='word_1_72' title='bbox 1024 1080 1071 1167; x_wconf 90' lang='lat' dir='ltr'><strong>pi·</strong></span> 
     </span>
     <span class='ocr_line' id='line_1_12' title="bbox 109 1164 506 1252; baseline -0.005 -19"><span class='ocrx_word' id='word_1_73' title='bbox 109 1187 194 1252; x_wconf 88' lang='lat' dir='ltr'><strong>pere</strong></span> <span class='ocrx_word' id='word_1_74' title='bbox 218 1186 353 1251; x_wconf 86' lang='lat' dir='ltr'><strong>asparso</strong></span> <span class='ocrx_word' id='word_1_75' title='bbox 377 1164 506 1233; x_wconf 87' lang='lat' dir='ltr'><strong>inferes.</strong></span> 
     </span>
    </p>

    <p class='ocr_par' dir='ltr' id='par_1_6' title="bbox 112 1253 1101 1960">
     <span class='ocr_line' id='line_1_13' title="bbox 186 1253 1072 1342; baseline 0.001 -20"><span class='ocrx_word' id='word_1_76' title='bbox 186 1258 258 1322; x_wconf 87' lang='lat'>160.</span> <span class='ocrx_word' id='word_1_77' title='bbox 284 1255 436 1320; x_wconf 89' lang='lat' dir='ltr'><strong>Mullos</strong></span> <span class='ocrx_word' id='word_1_78' title='bbox 460 1260 665 1321; x_wconf 82' lang='lat' dir='ltr'><strong>enecatos</strong></span> <span class='ocrx_word' id='word_1_79' title='bbox 689 1253 871 1323; x_wconf 84' lang='lat' dir='ltr'><strong>sicfacies:</strong></span> <span class='ocrx_word' id='word_1_80' title='bbox 896 1257 1072 1342; x_wconf 89' lang='lat' dir='ltr'><strong>radespis·</strong></span> 
     </span>
     <span class='ocr_line' id='line_1_14' title="bbox 113 1343 1101 1428; baseline 0 -17"><span class='ocrx_word' id='word_1_81' title='bbox 113 1365 185 1424; x_wconf 90' lang='lat' dir='ltr'><strong>ces,</strong></span> <span class='ocrx_word' id='word_1_82' title='bbox 208 1344 343 1425; x_wconf 86' lang='lat' dir='ltr'><strong>lavabis,</strong></span> <span class='ocrx_word' id='word_1_83' title='bbox 366 1343 399 1408; x_wconf 93' lang='lat' dir='ltr'><strong>in</strong></span> <span class='ocrx_word' id='word_1_84' title='bbox 422 1344 534 1428; x_wconf 90' lang='lat' dir='ltr'><strong>patina</strong></span> <span class='ocrx_word' id='word_1_85' title='bbox 557 1363 731 1426; x_wconf 86' lang='lat' dir='ltr'><strong>conpones,</strong></span> <span class='ocrx_word' id='word_1_86' title='bbox 755 1343 878 1410; x_wconf 85' lang='lat' dir='ltr'><strong>adicies</strong></span> <span class='ocrx_word' id='word_1_87' title='bbox 899 1346 1014 1428; x_wconf 91' lang='lat' dir='ltr'><strong>oleum,</strong></span> <span class='ocrx_word' id='word_1_88' title='bbox 1037 1346 1101 1411; x_wconf 88' lang='lat' dir='ltr'><strong>li·-</strong></span> 
     </span>
     <span class='ocr_line' id='line_1_15' title="bbox 112 1431 1073 1517; baseline 0.002 -20"><span class='ocrx_word' id='word_1_89' title='bbox 112 1454 267 1515; x_wconf 85' lang='lat' dir='ltr'><strong>quamen,</strong></span> <span class='ocrx_word' id='word_1_90' title='bbox 292 1431 409 1511; x_wconf 90' lang='lat' dir='ltr'><strong>vinum,</strong></span> <span class='ocrx_word' id='word_1_91' title='bbox 440 1431 611 1498; x_wconf 87' lang='lat' dir='ltr'><strong>fasciculos</strong></span> <span class='ocrx_word' id='word_1_92' title='bbox 638 1431 724 1514; x_wconf 91' lang='lat' dir='ltr'><strong>porri</strong></span> <span class='ocrx_word' id='word_1_93' title='bbox 740 1438 780 1496; x_wconf 82' lang='lat' dir='ltr'><strong>¹et</strong></span> <span class='ocrx_word' id='word_1_94' title='bbox 804 1433 972 1517; x_wconf 84' lang='lat' dir='ltr'><strong>coriandri,</strong></span> <span class='ocrx_word' id='word_1_95' title='bbox 1004 1434 1073 1498; x_wconf 76' lang='lat' dir='ltr'><strong>mit-</strong></span> 
     </span>
     <span class='ocr_line' id='line_1_16' title="bbox 114 1519 1072 1605; baseline 0.002 -19"><span class='ocrx_word' id='word_1_96' title='bbox 114 1529 168 1587; x_wconf 91' lang='lat' dir='ltr'><strong>tes</strong></span> <span class='ocrx_word' id='word_1_97' title='bbox 192 1528 226 1586; x_wconf 88' lang='lat' dir='ltr'><strong>ut</strong></span> <span class='ocrx_word' id='word_1_98' title='bbox 250 1527 412 1601; x_wconf 86' lang='lat' dir='ltr'><strong>coquatur.</strong></span> <span class='ocrx_word' id='word_1_99' title='bbox 441 1520 562 1586; x_wconf 92' lang='lat' dir='ltr'><strong>adicies</strong></span> <span class='ocrx_word' id='word_1_100' title='bbox 585 1520 679 1605; x_wconf 88' lang='lat' dir='ltr'><strong>piper</strong></span> <span class='ocrx_word' id='word_1_101' title='bbox 700 1519 733 1584; x_wconf 95' lang='lat' dir='ltr'><strong>in</strong></span> <span class='ocrx_word' id='word_1_102' title='bbox 756 1522 950 1602; x_wconf 89' lang='lat' dir='ltr'><strong>mortarium,</strong></span> <span class='ocrx_word' id='word_1_103' title='bbox 978 1523 1072 1588; x_wconf 85' lang='lat' dir='ltr'><strong>frica·</strong></span> 
     </span>
     <span class='ocr_line' id='line_1_17' title="bbox 115 1608 1073 1696; baseline 0.001 -21"><span class='ocrx_word' id='word_1_104' title='bbox 115 1609 179 1690; x_wconf 89' lang='lat' dir='ltr'><strong>bis,</strong></span> <span class='ocrx_word' id='word_1_105' title='bbox 204 1609 326 1675; x_wconf 87' lang='lat' dir='ltr'><strong>adicies</strong></span> <span class='ocrx_word' id='word_1_106' title='bbox 350 1609 454 1673; x_wconf 90' lang='lat' dir='ltr'><strong>oleum</strong></span> <span class='ocrx_word' id='word_1_107' title='bbox 479 1616 510 1674; x_wconf 91' lang='grc'><strong>61</strong></span> <span class='ocrx_word' id='word_1_108' title='bbox 531 1615 623 1692; x_wconf 88' lang='lat' dir='ltr'><strong>parte</strong></span> <span class='ocrx_word' id='word_1_109' title='bbox 648 1608 741 1689; x_wconf 87' lang='lat' dir='ltr'><strong>aceti,</strong></span> <span class='ocrx_word' id='word_1_110' title='bbox 765 1609 850 1690; x_wconf 86' lang='lat' dir='ltr'><strong>vino,</strong></span> <span class='ocrx_word' id='word_1_111' title='bbox 874 1614 971 1696; x_wconf 81' lang='lat' dir='ltr'><strong>passo</strong></span> <span class='ocrx_word' id='word_1_112' title='bbox 995 1616 1073 1678; x_wconf 90' lang='grc'><strong>16111-</strong></span> 
     </span>
     <span class='ocr_line' id='line_1_18' title="bbox 116 1697 1072 1783; baseline -0.001 -18"><span class='ocrx_word' id='word_1_113' title='bbox 116 1699 260 1783; x_wconf 88' lang='lat' dir='ltr'><strong>perabis.</strong></span> <span class='ocrx_word' id='word_1_114' title='bbox 294 1697 424 1763; x_wconf 88' lang='lat' dir='ltr'><strong>traicies</strong></span> <span class='ocrx_word' id='word_1_115' title='bbox 458 1698 491 1762; x_wconf 93' lang='lat' dir='ltr'><strong>in</strong></span> <span class='ocrx_word' id='word_1_116' title='bbox 527 1697 711 1778; x_wconf 87' lang='lat' dir='ltr'><strong>caccabum,</strong></span> <span class='ocrx_word' id='word_1_117' title='bbox 746 1697 839 1781; x_wconf 88' lang='lat' dir='ltr'><strong>ponis</strong></span> <span class='ocrx_word' id='word_1_118' title='bbox 873 1705 908 1764; x_wconf 89' lang='lat' dir='ltr'><strong>ut</strong></span> <span class='ocrx_word' id='word_1_119' title='bbox 940 1698 1072 1766; x_wconf 86' lang='lat' dir='ltr'><strong>ferveat.</strong></span> 
     </span>
     <span class='ocr_line' id='line_1_19' title="bbox 113 1785 1073 1870; baseline -0.001 -16"><span class='ocrx_word' id='word_1_120' title='bbox 113 1788 222 1854; x_wconf 85' lang='lat' dir='ltr'><strong>amolo</strong></span> <span class='ocrx_word' id='word_1_121' title='bbox 253 1786 413 1869; x_wconf 82' lang='lat' dir='ltr'><strong>obligabis</strong></span> <span class='ocrx_word' id='word_1_122' title='bbox 442 1788 473 1851; x_wconf 89' lang='lat' dir='ltr'><strong>et</strong></span> <span class='ocrx_word' id='word_1_123' title='bbox 501 1786 643 1870; x_wconf 91' lang='lat' dir='ltr'><strong>patinam</strong></span> <span class='ocrx_word' id='word_1_124' title='bbox 665 1785 801 1868; x_wconf 89' lang='lat' dir='ltr'><strong>piscium</strong></span> <span class='ocrx_word' id='word_1_125' title='bbox 823 1785 999 1870; x_wconf 87' lang='lat' dir='ltr'><strong>perfundis.</strong></span> <span class='ocrx_word' id='word_1_126' title='bbox 1027 1787 1073 1853; x_wconf 92' lang='lat' dir='ltr'><strong>in-</strong></span> 
     </span>
     <span class='ocr_line' id='line_1_20' title="bbox 114 1874 1099 1960; baseline -0.005 -18"><span class='ocrx_word' id='word_1_127' title='bbox 114 1896 216 1960; x_wconf 83' lang='lat' dir='ltr'><strong>super</strong></span> <span class='ocrx_word' id='word_1_128' title='bbox 237 1874 331 1959; x_wconf 90' lang='lat' dir='ltr'><strong>piper</strong></span> <span class='ocrx_word' id='word_1_129' title='bbox 354 1874 511 1958; x_wconf 86' lang='lat' dir='ltr'><strong>aspargis.</strong></span> <span class='ocrx_word' id='word_1_130' title='bbox 1097 1887 1099 1891; x_wconf 84' lang='grc'><strong><em>·</em></strong></span> 
     </span>
    </p>

    <p class='ocr_par' dir='ltr' id='par_1_7' title="bbox 115 1996 1074 2206">
     <span class='ocr_line' id='line_1_21' title="bbox 177 1996 1074 2052; baseline 0 0"><span class='ocrx_word' id='word_1_131' title='bbox 177 1999 215 2052; x_wconf 91' lang='lat' dir='ltr'><strong>ad</strong></span> <span class='ocrx_word' id='word_1_132' title='bbox 232 1997 292 2052; x_wconf 89' lang='grc'><strong>158.</strong></span> <span class='ocrx_word' id='word_1_133' title='bbox 313 2003 489 2052; x_wconf 84' lang='grc'><strong>6111611111</strong></span> <span class='ocrx_word' id='word_1_134' title='bbox 509 1996 570 2052; x_wconf 91' lang='lat' dir='ltr'><strong>cod.</strong></span> <span class='ocrx_word' id='word_1_135' title='bbox 627 2001 684 2052; x_wconf 86' lang='grc'><strong>166</strong></span> <span class='ocrx_word' id='word_1_136' title='bbox 704 2002 747 2051; x_wconf 87' lang='grc'><strong>661</strong></span> <span class='ocrx_word' id='word_1_137' title='bbox 765 1996 930 2052; x_wconf 86' lang='lat' dir='ltr'><strong>submersos.</strong></span> <span class='ocrx_word' id='word_1_138' title='bbox 951 1997 1009 2052; x_wconf 90' lang='lat' dir='ltr'><strong>iure</strong></span> <span class='ocrx_word' id='word_1_139' title='bbox 1028 2013 1074 2052; x_wconf 91' lang='lat' dir='ltr'><strong>oo·</strong></span> 
     </span>
     <span class='ocr_line' id='line_1_22' title="bbox 115 2068 1073 2136; baseline -0.004 -11"><span class='ocrx_word' id='word_1_140' title='bbox 115 2071 162 2125; x_wconf 89' lang='grc'><strong>616</strong></span> <span class='ocrx_word' id='word_1_141' title='bbox 188 2076 308 2124; x_wconf 83' lang='lat' dir='ltr'><strong>coctana</strong></span> <span class='ocrx_word' id='word_1_142' title='bbox 333 2074 362 2123; x_wconf 91' lang='lat' dir='ltr'><strong>et</strong></span> <span class='ocrx_word' id='word_1_143' title='bbox 387 2074 501 2123; x_wconf 87' lang='lat' dir='ltr'><strong>cottana</strong></span> <span class='ocrx_word' id='word_1_144' title='bbox 524 2082 571 2122; x_wconf 91' lang='lat' dir='ltr'><strong>va·</strong></span> <span class='ocrx_word' id='word_1_145' title='bbox 625 2073 722 2136; x_wconf 86' lang='lat' dir='ltr'><strong>portos</strong></span> <span class='ocrx_word' id='word_1_146' title='bbox 752 2068 809 2120; x_wconf 89' lang='grc'><strong>162.</strong></span> <span class='ocrx_word' id='word_1_147' title='bbox 839 2068 929 2135; x_wconf 86' lang='lat' dir='ltr'><strong>pisces</strong></span> <span class='ocrx_word' id='word_1_148' title='bbox 957 2068 1014 2123; x_wconf 87' lang='lat' dir='ltr'><strong>scil.</strong></span> <span class='ocrx_word' id='word_1_149' title='bbox 1046 2069 1073 2123; x_wconf 92' lang='lat' dir='ltr'><strong>in</strong></span> 
     </span>
     <span class='ocr_line' id='line_1_23' title="bbox 115 2138 1074 2206; baseline -0.003 -11"><span class='ocrx_word' id='word_1_150' title='bbox 115 2142 194 2196; x_wconf 89' lang='lat' dir='ltr'><strong>riant</strong></span> <span class='ocrx_word' id='word_1_151' title='bbox 213 2141 255 2194; x_wconf 90' lang='grc'><strong>51.</strong></span> <span class='ocrx_word' id='word_1_152' title='bbox 625 2139 722 2206; x_wconf 88' lang='lat' dir='ltr'><strong>patina</strong></span> <span class='ocrx_word' id='word_1_153' title='bbox 746 2153 780 2191; x_wconf 87' lang='lat' dir='ltr'><strong>ex</strong></span> <span class='ocrx_word' id='word_1_154' title='bbox 799 2138 857 2192; x_wconf 88' lang='lat' dir='ltr'><strong>iure</strong></span> <span class='ocrx_word' id='word_1_155' title='bbox 877 2140 950 2194; x_wconf 92' lang='lat' dir='ltr'><strong>cocti</strong></span> <span class='ocrx_word' id='word_1_156' title='bbox 968 2140 1027 2194; x_wconf 91' lang='lat' dir='ltr'><strong>iure</strong></span> <span class='ocrx_word' id='word_1_157' title='bbox 1046 2139 1074 2193; x_wconf 92' lang='lat' dir='ltr'><strong>in</strong></span> 
     </span>
    </p>

    <p class='ocr_par' dir='ltr' id='par_1_8' title="bbox 115 2208 1075 3125">
     <span class='ocr_line' id='line_1_24' title="bbox 172 2208 1074 2279; baseline -0.001 -15"><span class='ocrx_word' id='word_1_158' title='bbox 172 2211 210 2264; x_wconf 90' lang='lat' dir='ltr'><strong>ad</strong></span> <span class='ocrx_word' id='word_1_159' title='bbox 230 2211 291 2263; x_wconf 91' lang='grc'><strong>159.</strong></span> <span class='ocrx_word' id='word_1_160' title='bbox 325 2211 369 2264; x_wconf 89' lang='grc'><strong>(16</strong></span> <span class='ocrx_word' id='word_1_161' title='bbox 381 2210 510 2264; x_wconf 88' lang='lat' dir='ltr'><strong>lemmate</strong></span> <span class='ocrx_word' id='word_1_162' title='bbox 535 2209 572 2263; x_wconf 88' lang='lat' dir='ltr'><strong>ad</strong></span> <span class='ocrx_word' id='word_1_163' title='bbox 626 2208 748 2262; x_wconf 87' lang='lat' dir='ltr'><strong>caccabo</strong></span> <span class='ocrx_word' id='word_1_164' title='bbox 767 2214 849 2264; x_wconf 92' lang='lat' dir='ltr'><strong>cocto</strong></span> <span class='ocrx_word' id='word_1_165' title='bbox 862 2209 951 2265; x_wconf 88' lang='lat' dir='ltr'><strong>altero</strong></span> <span class='ocrx_word' id='word_1_166' title='bbox 964 2208 1074 2279; x_wconf 85' lang='lat' dir='ltr'><strong>perfun-</strong></span> 
     </span>
     <span class='ocr_line' id='line_1_25' title="bbox 118 2279 1075 2347; baseline -0.001 -11"><span class='ocrx_word' id='word_1_167' title='bbox 118 2284 180 2336; x_wconf 83' lang='grc'><strong>151.</strong></span> <span class='ocrx_word' id='word_1_168' title='bbox 208 2281 320 2336; x_wconf 87' lang='lat' dir='ltr'><strong>crudo</strong></span> <span class='ocrx_word' id='word_1_169' title='bbox 340 2296 444 2335; x_wconf 88' lang='lat' dir='ltr'><strong>cruore.</strong></span> <span class='ocrx_word' id='word_1_170' title='bbox 472 2281 572 2347; x_wconf 90' lang='lat' dir='ltr'><strong>iupe·</strong></span> <span class='ocrx_word' id='word_1_171' title='bbox 626 2280 734 2334; x_wconf 89' lang='lat' dir='ltr'><strong>duntur.</strong></span> <span class='ocrx_word' id='word_1_172' title='bbox 755 2279 791 2333; x_wconf 95' lang='grc'><strong>(16</strong></span> <span class='ocrx_word' id='word_1_173' title='bbox 810 2296 844 2334; x_wconf 88' lang='grc'><strong>66</strong></span> <span class='ocrx_word' id='word_1_174' title='bbox 867 2281 977 2337; x_wconf 89' lang='lat' dir='ltr'><strong>mediae</strong></span> <span class='ocrx_word' id='word_1_175' title='bbox 998 2287 1075 2335; x_wconf 87' lang='lat' dir='ltr'><strong>aeta-</strong></span> 
     </span>
     <span class='ocr_line' id='line_1_26' title="bbox 115 2349 1074 2418; baseline -0.001 -11"><span class='ocrx_word' id='word_1_176' title='bbox 115 2369 158 2408; x_wconf 85' lang='grc'><strong>66</strong></span> <span class='ocrx_word' id='word_1_177' title='bbox 178 2353 241 2407; x_wconf 88' lang='lat' dir='ltr'><strong>cod.</strong></span> <span class='ocrx_word' id='word_1_178' title='bbox 255 2349 374 2406; x_wconf 82' lang='lat' dir='ltr'><strong>fortusse</strong></span> <span class='ocrx_word' id='word_1_179' title='bbox 390 2353 479 2405; x_wconf 89' lang='lat' dir='ltr'><strong>estin</strong></span> <span class='ocrx_word' id='word_1_180' title='bbox 493 2365 571 2418; x_wconf 88' lang='lat' dir='ltr'><strong>pen·</strong></span> <span class='ocrx_word' id='word_1_181' title='bbox 626 2350 663 2403; x_wconf 91' lang='lat' dir='ltr'><strong>tis</strong></span> <span class='ocrx_word' id='word_1_182' title='bbox 682 2350 769 2404; x_wconf 90' lang='lat' dir='ltr'><strong>verbo</strong></span> <span class='ocrx_word' id='word_1_183' title='bbox 787 2366 821 2405; x_wconf 86' lang='lat' dir='ltr'><strong>ex</strong></span> <span class='ocrx_word' id='word_1_184' title='bbox 842 2355 989 2416; x_wconf 81' lang='lat' dir='ltr'><strong>,enecare“</strong></span> <span class='ocrx_word' id='word_1_185' title='bbox 1010 2357 1074 2406; x_wconf 92' lang='lat' dir='ltr'><strong>orto</strong></span> 
     </span>
     <span class='ocr_line' id='line_1_27' title="bbox 115 2419 1075 2491; baseline -0.004 -12"><span class='ocrx_word' id='word_1_186' title='bbox 115 2421 570 2485; x_wconf 80' lang='grc'><strong>66111,1111166161(11611252.111</strong></span> <span class='ocrx_word' id='word_1_187' title='bbox 626 2419 661 2474; x_wconf 86' lang='lat' dir='ltr'><strong>of.</strong></span> <span class='ocrx_word' id='word_1_188' title='bbox 690 2420 824 2491; x_wconf 80' lang='lat' dir='ltr'><strong>Ducange</strong></span> <span class='ocrx_word' id='word_1_189' title='bbox 853 2423 872 2475; x_wconf 91' lang='lat' dir='ltr'><strong>l.</strong></span> <span class='ocrx_word' id='word_1_190' title='bbox 902 2439 929 2491; x_wconf 90' lang='lat' dir='ltr'><strong>p.</strong></span> <span class='ocrx_word' id='word_1_191' title='bbox 958 2423 1018 2476; x_wconf 88' lang='grc'><strong>252.</strong></span> <span class='ocrx_word' id='word_1_192' title='bbox 1046 2423 1075 2475; x_wconf 92' lang='lat' dir='ltr'><strong>iu</strong></span> 
     </span>
     <span class='ocr_line' id='line_1_28' title="bbox 116 2491 1073 2562; baseline -0.005 -13"><span class='ocrx_word' id='word_1_193' title='bbox 116 2509 247 2562; x_wconf 84' lang='lat' dir='ltr'><strong>aequam,</strong></span> <span class='ocrx_word' id='word_1_194' title='bbox 271 2493 308 2546; x_wconf 90' lang='lat' dir='ltr'><strong>ad</strong></span> <span class='ocrx_word' id='word_1_195' title='bbox 326 2508 444 2561; x_wconf 89' lang='lat' dir='ltr'><strong>aequam</strong></span> <span class='ocrx_word' id='word_1_196' title='bbox 463 2492 505 2546; x_wconf 86' lang='grc'><strong>54.</strong></span> <span class='ocrx_word' id='word_1_197' title='bbox 531 2491 572 2545; x_wconf 92' lang='grc'><strong>616</strong></span> <span class='ocrx_word' id='word_1_198' title='bbox 625 2506 757 2559; x_wconf 86' lang='lat' dir='ltr'><strong>anegare,</strong></span> <span class='ocrx_word' id='word_1_199' title='bbox 781 2491 849 2547; x_wconf 87' lang='lat' dir='ltr'><strong>Dioz</strong></span> <span class='ocrx_word' id='word_1_200' title='bbox 873 2492 926 2547; x_wconf 79' lang='grc'><strong>161.</strong></span> <span class='ocrx_word' id='word_1_201' title='bbox 953 2492 979 2547; x_wconf 88' lang='grc'><strong>(1.</strong></span> <span class='ocrx_word' id='word_1_202' title='bbox 1005 2509 1073 2548; x_wconf 91' lang='lat' dir='ltr'><strong>rom.</strong></span> 
     </span>
     <span class='ocr_line' id='line_1_29' title="bbox 117 2561 1074 2634; baseline 0 -16"><span class='ocrx_word' id='word_1_203' title='bbox 117 2579 259 2634; x_wconf 89' lang='lat' dir='ltr'><strong>perpensa</strong></span> <span class='ocrx_word' id='word_1_204' title='bbox 280 2578 344 2616; x_wconf 88' lang='lat' dir='ltr'><strong>cura</strong></span> <span class='ocrx_word' id='word_1_205' title='bbox 359 2564 385 2617; x_wconf 94' lang='lat' dir='ltr'><strong>in</strong></span> <span class='ocrx_word' id='word_1_206' title='bbox 401 2561 571 2619; x_wconf 76' lang='grc'><strong>(161111166-</strong></span> <span class='ocrx_word' id='word_1_207' title='bbox 626 2578 680 2629; x_wconf 86' lang='lat' dir='ltr'><strong>spr.</strong></span> <span class='ocrx_word' id='word_1_208' title='bbox 705 2577 731 2628; x_wconf 92' lang='lat' dir='ltr'><strong>p.</strong></span> <span class='ocrx_word' id='word_1_209' title='bbox 758 2563 817 2615; x_wconf 83' lang='grc'><strong>231.</strong></span> <span class='ocrx_word' id='word_1_210' title='bbox 843 2563 872 2616; x_wconf 94' lang='lat' dir='ltr'><strong>in</strong></span> <span class='ocrx_word' id='word_1_211' title='bbox 898 2579 1008 2633; x_wconf 80' lang='lat' dir='ltr'><strong>negare.</strong></span> <span class='ocrx_word' id='word_1_212' title='bbox 1040 2593 1074 2604; x_wconf 92' lang='lat'>-</span> 
     </span>
     <span class='ocr_line' id='line_1_30' title="bbox 119 2631 1073 2703; baseline -0.001 -13"><span class='ocrx_word' id='word_1_213' title='bbox 119 2636 180 2690; x_wconf 88' lang='lat' dir='ltr'><strong>dos.</strong></span> <span class='ocrx_word' id='word_1_214' title='bbox 209 2648 346 2703; x_wconf 88' lang='lat' dir='ltr'><strong>perpensa</strong></span> <span class='ocrx_word' id='word_1_215' title='bbox 369 2634 572 2689; x_wconf 86' lang='lat' dir='ltr'><strong>deliberatione</strong></span> <span class='ocrx_word' id='word_1_216' title='bbox 626 2631 772 2685; x_wconf 87' lang='lat' dir='ltr'><strong>lababis</strong></span> <span class='ocrx_word' id='word_1_217' title='bbox 799 2633 834 2685; x_wconf 94' lang='lat' dir='ltr'><strong>in</strong></span> <span class='ocrx_word' id='word_1_218' title='bbox 861 2635 1017 2701; x_wconf 86' lang='lat' dir='ltr'><strong>patinam</strong></span> <span class='ocrx_word' id='word_1_219' title='bbox 1046 2650 1073 2689; x_wconf 89' lang='grc'><strong>6.</strong></span> 
     </span>
     <span class='ocr_line' id='line_1_31' title="bbox 119 2702 1075 2774; baseline -0.002 -15"><span class='ocrx_word' id='word_1_220' title='bbox 119 2704 479 2774; x_wconf 74' lang='grc' dir='ltr'><strong>66.Α1111111611.22,9,2.</strong></span> <span class='ocrx_word' id='word_1_221' title='bbox 506 2719 572 2770; x_wconf 89' lang='lat' dir='ltr'><strong>pen·</strong></span> <span class='ocrx_word' id='word_1_222' title='bbox 627 2702 689 2756; x_wconf 87' lang='lat' dir='ltr'><strong>eod.</strong></span> <span class='ocrx_word' id='word_1_223' title='bbox 716 2707 745 2755; x_wconf 90' lang='lat' dir='ltr'><strong>et</strong></span> <span class='ocrx_word' id='word_1_224' title='bbox 769 2703 854 2757; x_wconf 91' lang='lat' dir='ltr'><strong>vinu</strong></span> <span class='ocrx_word' id='word_1_225' title='bbox 875 2734 906 2744; x_wconf 94' lang='lat'><em>-</em></span> <span class='ocrx_word' id='word_1_226' title='bbox 933 2705 967 2757; x_wconf 92' lang='lat' dir='ltr'><strong>in</strong></span> <span class='ocrx_word' id='word_1_227' title='bbox 986 2721 1075 2759; x_wconf 91' lang='lat' dir='ltr'><strong>mor·</strong></span> 
     </span>
     <span class='ocr_line' id='line_1_32' title="bbox 116 2770 1075 2842; baseline -0.003 -11"><span class='ocrx_word' id='word_1_228' title='bbox 116 2773 572 2842; x_wconf 76' lang='lat' dir='ltr'><strong>sioulateiustoexamine.quod</strong></span> <span class='ocrx_word' id='word_1_229' title='bbox 627 2772 722 2826; x_wconf 90' lang='lat' dir='ltr'><strong>tario</strong></span> <span class='ocrx_word' id='word_1_230' title='bbox 751 2770 833 2827; x_wconf 84' lang='lat' dir='ltr'><strong>froc.</strong></span> <span class='ocrx_word' id='word_1_231' title='bbox 864 2805 896 2816; x_wconf 92' lang='lat'>—</span> <span class='ocrx_word' id='word_1_232' title='bbox 923 2775 1075 2829; x_wconf 85' lang='lat' dir='ltr'><strong>traicias</strong></span> 
     </span>
     <span class='ocr_line' id='line_1_33' title="bbox 116 2844 1075 2914; baseline -0.003 -12"><span class='ocrx_word' id='word_1_233' title='bbox 116 2848 142 2902; x_wconf 89' lang='grc'><strong>61</strong></span> <span class='ocrx_word' id='word_1_234' title='bbox 162 2861 265 2908; x_wconf 88' lang='lat' dir='ltr'><strong>verum,</strong></span> <span class='ocrx_word' id='word_1_235' title='bbox 294 2846 335 2899; x_wconf 90' lang='lat' dir='ltr'><strong>de</strong></span> <span class='ocrx_word' id='word_1_236' title='bbox 360 2845 504 2914; x_wconf 87' lang='lat' dir='ltr'><strong>patella</strong></span> <span class='ocrx_word' id='word_1_237' title='bbox 528 2849 571 2898; x_wconf 88' lang='grc'><strong>661</strong></span> <span class='ocrx_word' id='word_1_238' title='bbox 626 2844 659 2896; x_wconf 92' lang='lat' dir='ltr'><strong>iu</strong></span> <span class='ocrx_word' id='word_1_239' title='bbox 678 2844 779 2897; x_wconf 90' lang='lat' dir='ltr'><strong>cabo.</strong></span> <span class='ocrx_word' id='word_1_240' title='bbox 800 2874 831 2881; x_wconf 93' lang='lat'><em>-</em></span> <span class='ocrx_word' id='word_1_241' title='bbox 858 2850 962 2913; x_wconf 90' lang='lat' dir='ltr'><strong>parte</strong></span> <span class='ocrx_word' id='word_1_242' title='bbox 982 2845 1075 2899; x_wconf 88' lang='lat' dir='ltr'><strong>aceti</strong></span> 
     </span>
     <span class='ocr_line' id='line_1_34' title="bbox 118 2913 1074 2986; baseline -0.002 -16"><span class='ocrx_word' id='word_1_243' title='bbox 118 2917 197 2986; x_wconf 92' lang='lat' dir='ltr'><strong>quod</strong></span> <span class='ocrx_word' id='word_1_244' title='bbox 215 2916 364 2970; x_wconf 84' lang='grc'><strong>1116116616</strong></span> <span class='ocrx_word' id='word_1_245' title='bbox 376 2917 428 2970; x_wconf 92' lang='lat' dir='ltr'><strong>sibl</strong></span> <span class='ocrx_word' id='word_1_246' title='bbox 441 2918 497 2969; x_wconf 85' lang='lat'>161.</span> <span class='ocrx_word' id='word_1_247' title='bbox 511 2914 570 2968; x_wconf 82' lang='grc'><strong>141.</strong></span> <span class='ocrx_word' id='word_1_248' title='bbox 625 2915 689 2981; x_wconf 86' lang='lat' dir='ltr'><strong>iq.</strong></span> <span class='ocrx_word' id='word_1_249' title='bbox 714 2920 796 2968; x_wconf 85' lang='lat' dir='ltr'><strong>aceto</strong></span> <span class='ocrx_word' id='word_1_250' title='bbox 821 2916 931 2970; x_wconf 88' lang='lat' dir='ltr'><strong>modico</strong></span> <span class='ocrx_word' id='word_1_251' title='bbox 952 2915 1011 2968; x_wconf 82' lang='grc'><strong>114.</strong></span> <span class='ocrx_word' id='word_1_252' title='bbox 1040 2913 1074 2969; x_wconf 85' lang='lat' dir='ltr'><strong>cf.</strong></span> 
     </span>
     <span class='ocr_line' id='line_1_35' title="bbox 116 2985 1075 3054; baseline -0.004 -12"><span class='ocrx_word' id='word_1_253' title='bbox 116 3018 150 3025; x_wconf 86' lang='lat'>—</span> <span class='ocrx_word' id='word_1_254' title='bbox 171 2985 348 3042; x_wconf 86' lang='lat' dir='ltr'><strong>inferebis</strong></span> <span class='ocrx_word' id='word_1_255' title='bbox 373 2987 434 3041; x_wconf 91' lang='lat' dir='ltr'><strong>cod.</strong></span> <span class='ocrx_word' id='word_1_256' title='bbox 463 3017 493 3023; x_wconf 92' lang='lat'>—</span> <span class='ocrx_word' id='word_1_257' title='bbox 519 2991 570 3039; x_wconf 91' lang='lat' dir='ltr'><strong>te·</strong></span> <span class='ocrx_word' id='word_1_258' title='bbox 625 2985 685 3038; x_wconf 81' lang='grc'><strong>291.</strong></span> <span class='ocrx_word' id='word_1_259' title='bbox 706 2985 826 3038; x_wconf 89' lang='lat' dir='ltr'><strong>conicias</strong></span> <span class='ocrx_word' id='word_1_260' title='bbox 845 2986 1075 3054; x_wconf 89' lang='lat' dir='ltr'><strong>partemutin-</strong></span> 
     </span>
     <span class='ocr_line' id='line_1_36' title="bbox 116 3055 1075 3125; baseline -0.008 -12"><span class='ocrx_word' id='word_1_261' title='bbox 116 3060 237 3113; x_wconf 88' lang='lat' dir='ltr'><strong>nuerit</strong></span> <span class='ocrx_word' id='word_1_262' title='bbox 257 3057 316 3110; x_wconf 83' lang='lat'>147.</span> <span class='ocrx_word' id='word_1_263' title='bbox 625 3055 777 3122; x_wconf 81' lang='lat' dir='ltr'><strong>tellegatur</strong></span> <span class='ocrx_word' id='word_1_264' title='bbox 797 3055 1075 3125; x_wconf 66' lang='grc'><strong>61116161661166111-</strong></span> 
     </span>
    </p>

    <p class='ocr_par' dir='ltr' id='par_1_9' title="bbox 172 3125 1074 3195">
     <span class='ocr_line' id='line_1_37' title="bbox 172 3125 1074 3195; baseline -0.004 -13"><span class='ocrx_word' id='word_1_265' title='bbox 172 3129 287 3182; x_wconf 81' lang='grc'><strong>61160.</strong></span> <span class='ocrx_word' id='word_1_266' title='bbox 316 3133 489 3182; x_wconf 86' lang='grc'><strong>66616166</strong></span> <span class='ocrx_word' id='word_1_267' title='bbox 508 3125 569 3180; x_wconf 89' lang='lat' dir='ltr'><strong>cod.</strong></span> <span class='ocrx_word' id='word_1_268' title='bbox 625 3132 670 3179; x_wconf 90' lang='grc'><strong>1111</strong></span> <span class='ocrx_word' id='word_1_269' title='bbox 697 3126 772 3193; x_wconf 85' lang='lat' dir='ltr'><strong>apud</strong></span> <span class='ocrx_word' id='word_1_270' title='bbox 802 3127 937 3181; x_wconf 86' lang='lat' dir='ltr'><strong>medicum</strong></span> <span class='ocrx_word' id='word_1_271' title='bbox 969 3142 1074 3195; x_wconf 87' lang='lat' dir='ltr'><strong>anony-</strong></span> 
     </span>
    </p>
   </div>
   <div class='ocr_carea' id='block_1_3' title="bbox 117 3196 1075 3338">
    <p class='ocr_par' dir='ltr' id='par_1_10' title="bbox 117 3196 1075 3338">
     <span class='ocr_line' id='line_1_38' title="bbox 117 3196 1075 3266; baseline -0.003 -12"><span class='ocrx_word' id='word_1_272' title='bbox 117 3204 220 3254; x_wconf 89' lang='lat' dir='ltr'><strong>aneto·</strong></span> <span class='ocrx_word' id='word_1_273' title='bbox 238 3216 294 3253; x_wconf 91' lang='lat' dir='ltr'><strong>non</strong></span> <span class='ocrx_word' id='word_1_274' title='bbox 323 3197 451 3251; x_wconf 86' lang='lat' dir='ltr'><strong>adhibito</strong></span> <span class='ocrx_word' id='word_1_275' title='bbox 479 3197 570 3251; x_wconf 90' lang='lat' dir='ltr'><strong>locum</strong></span> <span class='ocrx_word' id='word_1_276' title='bbox 625 3213 698 3250; x_wconf 92' lang='lat' dir='ltr'><strong>mum</strong></span> <span class='ocrx_word' id='word_1_277' title='bbox 718 3196 818 3250; x_wconf 90' lang='lat' dir='ltr'><strong>Ideleri</strong></span> <span class='ocrx_word' id='word_1_278' title='bbox 837 3196 947 3266; x_wconf 85' lang='lat' dir='ltr'><strong>Physio.</strong></span> <span class='ocrx_word' id='word_1_279' title='bbox 967 3196 1031 3251; x_wconf 85' lang='lat' dir='ltr'><strong>min.</strong></span> <span class='ocrx_word' id='word_1_280' title='bbox 1047 3196 1075 3251; x_wconf 92' lang='lat'><strong>11</strong></span> 
     </span>
     <span class='ocr_line' id='line_1_39' title="bbox 118 3267 775 3338; baseline -0.011 -12"><span class='ocrx_word' id='word_1_281' title='bbox 118 3286 177 3326; x_wconf 91' lang='lat' dir='ltr'><strong>uon</strong></span> <span class='ocrx_word' id='word_1_282' title='bbox 202 3270 296 3326; x_wconf 87' lang='lat' dir='ltr'><strong>babet.</strong></span> <span class='ocrx_word' id='word_1_283' title='bbox 329 3285 418 3325; x_wconf 88' lang='lat' dir='ltr'><strong>meum</strong></span> <span class='ocrx_word' id='word_1_284' title='bbox 443 3283 571 3324; x_wconf 87' lang='grc'><strong>611666-</strong></span> <span class='ocrx_word' id='word_1_285' title='bbox 624 3284 651 3338; x_wconf 88' lang='lat' dir='ltr'><strong>p.</strong></span> <span class='ocrx_word' id='word_1_286' title='bbox 671 3267 732 3329; x_wconf 85' lang='grc'><strong>261,</strong></span> <span class='ocrx_word' id='word_1_287' title='bbox 751 3268 775 3320; x_wconf 89' lang='grc'><strong>9.</strong></span> 
     </span>
    </p>
   </div>
   <div class='ocr_carea' id='block_1_4' title="bbox 0 0 1193 4178">
    <p class='ocr_par' dir='ltr' id='par_1_11' title="bbox 0 0 1193 4178">
     <span class='ocr_line' id='line_1_40' title="bbox 0 0 1193 4178; baseline 0 0"><span class='ocrx_word' id='word_1_288' title='bbox 0 0 1193 4178; x_wconf 95' lang='lat' dir='ltr'><strong> </strong></span> 
     </span>
    </p>
   </div>
  </div>
 </body>
</html>
