2362 4178
115 375 134 445 8
518 323 669 434 Pnaeiatio.

117 543 149 604 et
172 558 256 618 meo
269 538 372 604 Marte
393 538 508 623 peregi
530 540 617 622 quod
640 537 712 605 libri
734 558 799 605 non
820 545 1002 623 potuerunt.
1027 539 1071 607 ad

119 641 300 728 depravata
331 649 364 710 et
393 652 544 730 corrupta
574 645 746 712 connivere
776 666 840 711 non
863 653 913 712 est
936 645 1071 714 editoris

117 750 248 833 strenui,
280 750 339 816 sed
373 752 480 817 omnia
519 751 714 836 expendere,
754 753 861 818 omnia
895 753 1070 822 emendare

113 857 231 924 conari.
263 856 508 924 emendationes
539 878 622 941 qnae
651 858 749 924 firmis
777 860 917 925 nituntur
939 861 1069 927 rationi·

112 964 172 1029 bns
195 964 228 1028 in
252 970 437 1031 contextum
460 958 679 1050 recipiendae,
710 985 794 1047 quae
817 985 859 1031 ex
881 967 1014 1050 ingenio
1039 974 1072 1034 et

113 1070 301 1136 coniectura
323 1077 447 1136 tantum
470 1077 567 1138 natae
588 1071 794 1139 reiiciendae.
819 1072 879 1138 sed
902 1079 936 1137 nt
958 1093 1070 1139 verum

112 1174 225 1258 fatear,
256 1178 365 1262 plures
397 1197 522 1245 errores
554 1199 596 1244 ex
626 1178 810 1245 coniectura
837 1179 951 1244 sustuli
973 1200 1070 1262 quam

114 1302 155 1348 ex
185 1284 275 1349 libris
305 1284 359 1366 qui
391 1304 502 1350 omnes
533 1306 554 1349 a
577 1283 763 1369 depravatis
790 1287 962 1371 propagati
985 1294 1068 1370 sunt,

112 1410 154 1457 ne
186 1390 335 1455 continuo
367 1390 520 1457 lectorem
548 1398 723 1459 remoretur
746 1393 887 1476 Apicius.
913 1415 954 1458 ex
979 1393 1068 1476 quin·

113 1516 176 1578 que
201 1497 293 1562 annis
316 1502 391 1563 ante
422 1517 503 1579 quos
534 1498 655 1582 primas
684 1498 793 1564 hastas
815 1499 934 1564 iactavi
958 1507 990 1566 et
1014 1521 1068 1585 pe-

33 1630 37 1654 2
114 1603 188 1669 dem
223 1603 342 1670 contuli
372 1605 477 1670 nullus
506 1604 576 1670 fere
608 1605 679 1670 dies
709 1605 876 1689 praeteriit
909 1626 973 1688 qno
1004 1628 1069 1673 non

111 1731 226 1776 manus
254 1709 463 1793 admoverim,
494 1712 612 1777 lineam
643 1711 798 1793 duxerim,
830 1713 889 1777 sub
919 1714 1069 1781 incudem

31 1817 33 1823 ’
112 1818 344 1899 revocaverim,
367 1817 531 1900 negclinm
553 1817 787 1900 ruminaverim,
812 1818 962 1885 iudicium
982 1819 1068 1887 fecc-

29 1960 31 1964 >
112 1923 173 1988 rim
197 1923 239 1988 ad
264 1924 425 1988 amussim.
458 1944 522 1989 non
554 1924 722 1990 subcisivis
744 1924 831 1990 boris
855 1932 887 1990 et
910 1944 1070 2009 suspensa

32 2096 34 2100 .
112 2051 211 2109 manu
243 2037 394 2115 operatus
425 2051 495 2097 sum
527 2037 743 2113 quantumque
774 2052 833 2115 per
863 2031 944 2098 alias
974 2033 1069 2100 inter-

111 2137 306 2222 pellationes
338 2138 427 2204 licuit
456 2136 625 2204 absolvere
653 2137 770 2203 studui.
803 2158 914 2203 omnes
937 2138 1070 2206 adhibui

25 2268 28 2277 ¹
111 2245 289 2327 machinas,
314 2244 461 2310 omnibns
483 2244 629 2327 vestigiis
643 2244 801 2328 inquisivi,
825 2265 936 2310 omnes
952 2266 1069 2313 nervos

111 2351 243 2433 intendi,
262 2371 372 2417 omnes
388 2350 509 2416 forulos
526 2351 664 2432 excussi,
682 2357 716 2414 nt
727 2351 947 2434 intellegerem
963 2354 1070 2418 Aetna

114 2458 298 2541 graviorem
329 2458 477 2542 Apicium
509 2463 541 2523 et
564 2457 636 2524 aliis
660 2458 856 2542 explicarem
880 2459 933 2540 qui
956 2459 1013 2524 din
1035 2461 1068 2526 in
1107 2524 1114 2533 ,

110 2565 219 2632 herbis
241 2564 310 2631 fuit
323 2565 434 2646 sicque
457 2564 553 2648 pleno
577 2564 680 2646 gradu
692 2564 879 2646 ingrediens
894 2566 949 2648 qui
964 2567 1068 2650 primo

111 2674 246 2738 vitulum
279 2672 334 2736 vix
364 2671 475 2737 sustuli
497 2670 628 2736 mndem
663 2676 786 2735 taurum
822 2673 957 2754 gestavi.
998 2674 1068 2741 sine

19 2832 25 2856 ,
111 2780 247 2865 pulvere
271 2780 358 2845 nulla
381 2779 498 2863 palma.
529 2798 594 2843 non
616 2777 718 2862 pudet
738 2799 790 2844 me
813 2779 1067 2846 lucubrationem

109 2887 275 2952 lucernam
306 2886 394 2952 olere
424 2885 630 2966 confiterique
657 2884 869 2950 lucernariam
893 2886 992 2952 vitam
1015 2907 1068 2954 mc

110 2991 239 3075 ducere,
280 3012 472 3074 quamquam
504 2991 581 3057 baut
611 2990 745 3058 dixerim
779 2992 867 3075 pisce
905 2993 1067 3059 saniorem

110 3104 143 3165 et
167 3101 283 3165 bovem
304 3099 339 3162 in
362 3097 509 3164 faucibus
532 3104 714 3184 portantem
736 3118 808 3164 rcrc
832 3099 924 3182 pasci
948 3104 980 3165 et
993 3102 1088 3183 plus·

109 3207 171 3272 olei
202 3207 373 3271 absumere
405 3224 500 3287 qnam
531 3205 597 3269 vini
627 3204 769 3286 nihilque
807 3205 967 3271 insumere
1004 3208 1067 3274 nisi

107 3318 246 3378 noctem.
272 3311 345 3376 cleo
369 3311 620 3393 tranquilliorem
644 3318 677 3378 et
690 3318 796 3379 terrae
814 3332 894 3379 onus
911 3332 983 3380 esse
1000 3335 1067 3380 non

109 3425 158 3484 est
189 3439 305 3503 meum,
337 3437 530 3503 quamquam
558 3418 643 3484 intra
673 3439 780 3491 meam
810 3420 981 3490 cuticulam
1013 3441 1066 3494 me
