2362 4178
317 415 378 546 inb.
387 414 434 469 IV.
463 415 627 470 Pandantes.
908 416 949 482 ’Π

96 572 221 637 fuerint.
246 574 327 638 haec
356 575 464 638 omnia
487 575 639 640 concides
662 575 833 657 diligenter
857 595 951 660 prae-

91 663 227 742 cetulas,
260 683 320 725 ova
349 683 424 727 vero
450 663 559 744 cruda,
592 685 663 728 cum
695 667 766 729 oleo
790 664 949 730 dissolvis.

106 751 209 836 piper,
233 751 414 832 ligistioum,
443 752 607 816 suffundes
630 753 800 834 liquamen,
831 753 949 833 vinum,

91 859 128 902 lm
152 846 184 902 et
205 841 239 902 in
262 842 435 903 caccabum
460 840 555 903 mittis
578 847 612 903 ut
635 841 763 906 calefiat
790 846 822 906 et
844 841 950 905 amolo

91 947 131 991 es.
156 935 252 993 antea
270 934 377 992 tamen
401 929 516 1012 pulpas
534 931 679 995 concisas
695 931 861 994 universas
876 930 950 994 illuc

91 1035 103 1079 s
134 1022 166 1078 et
194 1018 239 1080 sic
271 1016 387 1080 bulliat.
414 1023 447 1079 at
469 1017 523 1081 ubi
546 1023 670 1083 coctum
693 1018 796 1097 suerit,
827 1018 951 1084 levabis

91 1103 159 1170 iure
183 1124 240 1168 suo
274 1111 305 1168 et
335 1106 367 1167 in
391 1105 542 1190 patellam
567 1107 697 1172 alternis
720 1105 761 1171 de
785 1107 879 1170 trulla
902 1126 950 1172 re-

91 1193 238 1272 tsicium,
267 1193 387 1277 piperis
419 1214 520 1274 grana
550 1193 676 1276 integra
705 1203 737 1259 01
758 1195 880 1259 nucleis
902 1195 950 1280 01-

100 1281 145 1345 110
168 1289 201 1345 01
224 1303 282 1367 per
305 1282 432 1362 singula
452 1283 540 1346 coria
558 1285 742 1348 substernas
763 1283 948 1369 diploidem,

101 1370 254 1451 laganum
285 1371 436 1434 similiter.
467 1377 621 1454 quotquot
649 1373 769 1454 lagana
792 1372 949 1458 posueris,

92 1459 174 1522 ullas
198 1460 312 1545 inples,
338 1458 476 1544 desuper
499 1459 631 1526 adicies.
656 1480 752 1526 unum
768 1481 844 1526 vero
860 1461 950 1543 laga·

99 1547 205 1612 fistula
235 1548 395 1632 percuties
424 1554 455 1612 et
485 1568 582 1633 super
604 1549 750 1634 inpones.
782 1549 877 1636 piper
900 1569 949 1616 as·

91 1656 124 1700 ts.
150 1643 224 1701 ante
247 1645 354 1701 tamen
377 1636 448 1700 illas
468 1639 583 1722 pulpas
598 1640 666 1703 ovis
683 1637 855 1704 confractis
872 1638 949 1704 obli-

113 1732 146 1791 et
169 1727 214 1790 sic
236 1736 269 1789 'm
286 1727 456 1790 saccatum
472 1727 586 1808 mittes,
610 1733 675 1790 tum
690 1728 869 1812 inpensam.
893 1748 949 1813 pa·

91 1835 104 1877 r
129 1813 285 1901 [aeneaml
318 1815 444 1895 qualem
468 1813 568 1879 debes
592 1815 711 1882 habere
738 1817 822 1880 inlra
845 1821 950 1881 osten-

91 1989 138 2056 35.
163 1991 311 2054 Patina
337 1991 563 2058 catillana:
594 1993 736 2079 accipies
760 1993 876 2058 frustra
899 2012 949 2058 su-

121 2086 222 2158 coeta,
260 2081 373 2165 pulpas
404 2080 538 2165 piscium
569 2089 690 2162 coctas,
725 2083 841 2169 pulpas
872 2082 951 2168 pulli

91 2189 114 2234 s.
139 2168 220 2232 haec
245 2171 351 2233 omnia
375 2168 536 2251 concides,
561 2168 714 2257 [accipias
729 2172 880 2255 patellam
896 2190 950 2236 ae-

91 2366 113 2416 u‘
130 2363 187 2416 133.
208 2369 236 2416 et
252 2363 389 2426 „adorna“
409 2363 446 2416 ad
501 2379 572 2432 quae
601 2365 660 2417 121.
689 2368 757 2431 apta
782 2368 826 2418 est
850 2362 950 2417 substi-

91 2434 137 2486 ds‘
165 2434 224 2486 206.
249 2434 376 2486 sieium
402 2434 446 2487 isi·
500 2435 605 2488 tuenda
624 2440 684 2488 erat
704 2434 884 2487 catillana
903 2434 950 2488 de-

103 2503 243 2565 haecksel,
267 2502 369 2557 fiillsel.
390 2521 446 2557 oo·
501 2506 598 2558 lioiosa
617 2505 661 2559 vel
681 2506 889 2559 castellana
913 2505 951 2559 ad

116 2574 189 2642 lage.
225 2574 356 2629 sclrichto.
395 2575 446 2628 di·
501 2576 611 2630 castelli
637 2571 755 2645 figuram
775 2577 884 2631 effecta.
915 2574 949 2629 cf.

91 2665 93 2694 l
118 2647 208 2699 solum
229 2647 330 2698 ceteris
350 2646 446 2699 tractis
500 2646 608 2701 Arnob.
634 2647 660 2709 4,
679 2647 722 2699 42.
750 2663 811 2700 oum
830 2648 920 2714 interp
943 2685 949 2700 .

91 2717 446 2784 1s‚doppellage‚mantel.
500 2717 606 2771 Athen.
628 2718 670 2777 14,
689 2718 730 2771 57.
752 2718 811 2772 Cat.
826 2717 869 2770 84.
888 2662 947 2771 sni-

91 2804 159 2842 eorr.
174 2804 223 2855 pro
239 2789 282 2839 10,
300 2818 329 2823 -
346 2787 446 2856 laga·
500 2804 567 2841 mas.
596 2789 625 2842 in
650 2789 736 2842 Solin.
759 2804 786 2856 p.
806 2789 850 2842 90.
869 2788 896 2842 b.
917 2817 949 2826 -

92 2865 193 2920 tracta,
213 2859 292 2926 qnasi
311 2860 446 2912 membru·
501 2876 581 2913 sum.
601 2864 708 2914 cocta
727 2875 788 2913 cnm
799 2860 878 2914 Hnm.
899 2875 951 2927 pro

91 2929 274 2983 rnohenblutt.
291 2928 446 2996 listper·
502 2935 641 2985 coctum
658 2937 846 2985 ’0100010ιο
868 2930 950 2984 codd.

91 3000 190 3055 baculo
214 2998 303 3053 terete
322 3001 444 3067 complu·
501 3008 627 3069 praestet
655 3002 752 3056 cocti
784 3002 842 3055 134.
873 3005 951 3068 pout-

96 3078 125 3125 01
135 3072 303 3140 0110000110,
323 3071 376 3124 den
388 3072 447 3139 teig
502 3087 584 3140 quam
609 3071 712 3140 pulpae
743 3072 835 3126 dictae
860 3071 951 3125 conci-

91 3159 119 3196 er
144 3142 213 3195 rolle
239 3159 272 3194 zu
292 3143 379 3195 ciuem
399 3159 445 3195 nu·
502 3159 549 3197 sae
569 3150 598 3197 et
615 3145 642 3196 10
663 3142 783 3197 caccabo
806 3142 867 3197 ovis
886 3157 951 3195 000-

91 3213 153 3266 :hen
182 3213 356 3275 alistreiben,
385 3229 447 3266 aus·
502 3213 598 3268 fractis
617 3214 770 3269 dissolutae
795 3212 951 3281 010111100-
984 3244 989 3253 ·
1016 3230 1056 3279 e,

91 3302 109 3337 r.
130 3284 243 3337 trulla
259 3282 446 3351 sohocpfloel-
503 3292 547 3338 tae
567 3290 640 3347 sunt,
658 3286 700 3339 ins
710 3292 825 3353 paratur
834 3285 862 3338 in
875 3283 951 3353 qnod
1043 3297 1045 3302 “

91 3387 95 3393 -
123 3355 221 3409 infra
242 3357 300 3409 135.
323 3357 393 3408 1941
501 3357 604 3423 pulpae
623 3356 687 3410 illae
708 3361 739 3409 01
752 3355 949 3423 impensamit·

107 3429 165 3480 135.
207 3443 258 3493 pro
285 3427 380 3493 inepta
399 3442 447 3493 pa=
503 3435 606 3491 tuetur,
627 3427 727 3481 deinde
744 3428 775 3480 in
793 3427 883 3480 altera
901 3440 950 3493 pa·

91 3498 277 3552 101101οηοι
319 3498 380 3551 cod.
419 3517 445 3546 π.
502 3500 561 3552 tina
580 3504 721 3552 artocreas
741 3498 899 3551 exstruitur.
918 3527 950 3536 -

91 3571 447 3638 lotidianareliquorum
503 3570 649 3649 obligas
668 3569 760 3624 amolo
781 3569 840 3624 134.
869 3567 951 3624 snb·
