2362 4178
467 415 620 479 sacram.
972 393 976 401 '
998 420 1019 488 9

58 577 213 644 contineo
245 576 300 642 imi
328 577 471 644 subsellii
499 577 548 642 vir
571 583 604 644 et
626 579 752 648 caudae
776 580 913 665 equinae
935 580 1019 667 pilos

58 685 219 771 paulatim
241 685 335 751 vello.
360 685 450 750 atid
474 691 566 751 extra
588 693 724 752 cantum.
823 709 826 714 ·

129 793 169 857 In
191 792 299 858 multis
321 812 373 858 me
395 791 509 876 Apicio
533 792 627 858 saluti
655 792 754 859 fuisse
778 795 892 878 opinor
914 815 1020 878 neque

60 918 180 981 aquam
203 899 237 963 in
256 898 406 964 mortario
426 898 593 981 tutudisse,
617 899 719 965 sicubi
735 900 836 968 falsus
850 902 920 984 sim,
946 922 1019 968 con-

60 1005 210 1088 donabis,
242 1006 291 1070 vir
320 1005 558 1087 humanissimo,
590 1026 665 1071 nam
696 1008 765 1087 quis
789 1007 843 1074 ille
865 1008 1020 1074 Hercules

60 1120 127 1179 tam
149 1115 298 1180 robustus
329 1118 362 1178 et
389 1113 562 1196 perspicax
594 1113 688 1178 fuerit
711 1115 764 1196 qui
787 1115 913 1198 Augias
935 1113 1021 1181 istud

61 1221 223 1286 stabulum
250 1239 315 1284 una
345 1239 446 1303 opera
475 1218 521 1285 sic
553 1227 730 1303 perpurget
759 1226 793 1286 ut
820 1221 898 1286 nihil
920 1219 1020 1287 sordi·

62 1328 139 1393 dum
163 1327 243 1392 inibi
265 1326 470 1408 relinquatur.
505 1346 575 1392 eum
599 1326 771 1392 trinoctiali
794 1328 848 1392 illo
871 1349 922 1395 me
947 1348 1021 1395 con·

61 1434 159 1517 ieras,
198 1432 286 1517 quod
317 1433 445 1499 domem
480 1453 563 1516 quae
598 1434 721 1500 scilicet
750 1443 893 1502 veterum
923 1437 1021 1503 libros

63 1542 157 1607 nimis
182 1538 342 1622 obsident,
372 1539 406 1604 iu
436 1541 551 1621 quibus
577 1560 640 1622 ego
664 1541 841 1624 purgandis
866 1543 920 1608 diu
943 1542 1020 1607 mul·

63 1654 194 1731 tumque
218 1647 330 1713 laboro
354 1652 386 1712 et
408 1646 452 1710 ad
474 1646 582 1711 vivum
604 1666 728 1728 reseco,
753 1650 806 1714 vel
825 1650 949 1713 Iolaum
964 1668 1020 1732 po-

63 1756 124 1823 tius
147 1755 305 1840 appelles,
335 1753 362 1818 si
385 1753 541 1837 speciosis
565 1753 747 1819 nominibus
771 1753 904 1837 gaudes,
934 1753 1020 1837 quod

63 1881 170 1946 paene
194 1879 370 1945 oppressae
400 1861 442 1927 ab
474 1860 579 1945 hydra
610 1861 760 1926 vetustati
782 1862 870 1927 velut
892 1859 1022 1927 Herculi

64 1969 218 2035 clamanti
254 1986 323 2033 sum
358 1973 489 2051 praesto
527 1986 600 2032 cnm
638 1966 721 2032 face.
751 1966 808 2032 fax
838 1988 914 2034 vero
945 1967 1022 2032 mibi

62 2074 296 2140 inflammanda
320 2080 397 2156 erat,
421 2074 456 2138 id
480 2073 566 2138 omui
588 2093 668 2139 voce
688 2074 853 2157 praedico,
870 2074 1022 2156 namqui

63 2183 164 2265 vulgo
189 2181 269 2248 (lato
294 2186 343 2247 est
366 2181 518 2262 cuiusque
542 2186 634 2246 notas
657 2201 716 2263 per
747 2201 857 2246 manns
880 2181 1020 2246 tradide-

65 2294 141 2354 runt
163 2290 385 2355 subventanea
406 2287 534 2372 peperit
554 2288 704 2372 palpatus
727 2288 761 2351 in
783 2287 933 2370 tenebris,
958 2286 1021 2371 pri·

61 2395 205 2463 moribus
234 2395 327 2462 labiis
358 2394 552 2477 degustavit,
583 2386 697 2460 leniter
726 2393 895 2477 castigavit
924 2395 1021 2478 gulae

63 2503 252 2587 magistrum
286 2502 418 2584 eiusque
453 2503 535 2569 bono
570 2522 635 2566 non
674 2501 806 2567 multum
840 2484 1019 2584 desudavit,

63 2611 207 2694 palmam
230 2609 358 2674 minime
381 2607 566 2692 praeripuit,
590 2608 759 2691 plurimum
784 2615 895 2674 contra
908 2607 1021 2689 reliqui

65 2715 154 2782 iecit.
179 2736 221 2782 ex
243 2716 334 2781 istius
354 2715 576 2797 Humelbcrgii
589 2715 844 2796 reliquommque
867 2714 1021 2797 interpre-

62 2830 132 2888 tum
154 2824 260 2888 mnltis
283 2822 387 2906 paleis
410 2840 522 2903 parum
546 2820 667 2886 fructus
692 2821 809 2903 collegi
841 2826 873 2886 et
904 2841 945 2886 ex
974 2821 1020 2885 in-

63 2928 155 3012 genti
177 2929 339 2996 volumine
371 2928 533 2992 minimum
558 2928 723 2995 doctrinae
749 2929 851 2994 retuli.
876 2928 947 3011 ipse
970 2928 1020 2994 Li-

63 3042 169 3102 storus
197 3035 345 3101 immunis
376 3035 473 3116 veuit,
505 3035 643 3100 eandem
674 3035 865 3099 cantilenam
895 3035 1020 3116 cecinit,

63 3141 232 3225 scrupulos
255 3161 318 3206 nou
343 3141 470 3208 exemit.
495 3141 580 3223 quod
604 3141 685 3206 alius
717 3142 859 3206 condivit
890 3160 1019 3223 coquus,

61 3251 158 3315 aliter
180 3249 393 3315 condiendum
418 3254 495 3315 erat.
520 3239 656 3313 πολλάκι
679 3249 732 3313 καὶ
753 3241 918 3335 κηπουρὸς
940 3239 1020 3336 ἀνὴρ

60 3347 154 3439 μάλα
182 3354 306 3443 καίριον
335 3346 431 3419 εἶπεν.
462 3357 494 3420 in
523 3354 649 3437 magnis
673 3363 704 3420 et
725 3355 866 3419 voluisse
888 3360 939 3419 sat
962 3361 1019 3420 est.

60 3484 130 3530 uon
153 3463 255 3528 omnis
278 3462 340 3528 fert
362 3463 469 3528 omnia
492 3463 594 3527 tellus.
628 3480 723 3543 quam
746 3460 860 3524 multos
883 3460 916 3524 iu
940 3460 1020 3527 an-

59 3572 105 3639 lio
140 3568 329 3659 castigando
359 3569 487 3639 labores
517 3568 653 3651 tulerim,
685 3572 837 3654 quantum
867 3567 1021 3654 temporis
