2362 4178
121 433 184 497 100
438 432 496 487 nio.
516 432 563 487 lV.
589 433 753 488 Pandectcs.

117 591 252 672 vuerint,
274 597 358 657 teres
381 592 484 676 piper,
507 591 688 674 ligisticum,
718 589 874 656 suffundis
896 590 1067 672 liquamen,

117 680 224 744 vinum
249 685 281 744 et
303 699 433 762 passum
457 686 491 743 ut
513 679 606 744 dulce
629 681 679 762 sit,
701 679 752 743 ius
775 679 816 743 de
840 698 898 743 suo
923 679 985 744 sibi
1008 678 1068 744 sul-

118 767 233 832 fundis.
264 787 398 833 revocas
416 768 449 831 in
478 768 600 833 bulbos.
633 788 705 833 oum
728 767 911 848 fervuerint,
936 767 979 831 ad
1005 788 1068 832 mc·

118 860 258 920 mentum
282 856 387 920 amolo
412 855 545 937 obligas.

188 945 259 1008 183.
293 943 464 1008 Gustum
497 943 546 1008 de
570 942 800 1009 cucurbitis
823 941 1069 1008 farsilibus:

119 1031 298 1097 cucurbitas
326 1052 347 1095 a
377 1033 477 1098 latere
509 1031 664 1097 subtiliter
693 1030 735 1095 ad
763 1030 893 1095 modum
917 1032 1068 1097 tessellae

119 1121 278 1202 oblongae
302 1119 435 1186 decidas
459 1126 491 1184 et
514 1139 653 1185 excavas
677 1125 708 1184 et
731 1118 827 1183 mittis
850 1119 883 1183 in
907 1117 1068 1202 frigidam.

117 1209 286 1292 inpensam
310 1208 354 1272 ad
377 1228 433 1273 eas
452 1207 632 1274 sicfacies:
659 1213 744 1272 teres
759 1207 862 1290 piper,
887 1208 1069 1290 ligisticum,

118 1299 295 1380 origanum,
325 1296 489 1362 suffundas
512 1298 683 1378 liquamen,
713 1297 873 1362 cerebella
898 1302 1001 1378 cocta,
1025 1303 1070 1362 te·

118 1406 180 1468 res,
212 1405 274 1450 ova
304 1385 403 1450 cruda
426 1384 584 1450 dissolves
607 1391 639 1450 et
660 1384 786 1467 misces,
818 1391 852 1449 ut
878 1404 978 1450 unum
1001 1406 1070 1451 cor·

118 1493 179 1558 pus
210 1472 339 1554 efficias,
375 1472 546 1555 liquamine
580 1471 783 1555 temperabis.
822 1478 855 1538 et
889 1474 1070 1540 cucurbitas

118 1561 351 1645 suprascriptas
383 1582 448 1626 non
478 1561 573 1646 plene
597 1567 706 1627 coctas
735 1582 776 1626 ex
800 1581 840 1626 ea
862 1562 1001 1646 inpensa
1023 1563 1069 1629 in·

116 1651 199 1736 ples,
236 1649 277 1716 de
304 1651 435 1716 tessella
465 1670 525 1715 sua
553 1649 702 1715 recludis.
735 1650 866 1716 surclas.
899 1657 932 1716 et
961 1657 1070 1717 coctas

118 1738 232 1805 eximis
254 1745 286 1804 et
307 1738 407 1821 frigis.
433 1758 629 1821 oenogarum
653 1737 699 1804 sic
721 1736 840 1804 facies:
862 1743 950 1805 teres
966 1741 1070 1824 piper,

80 1846 86 1852 ·
117 1828 298 1911 ligisticum,
322 1826 486 1892 suffundas
509 1827 616 1891 vinum
633 1833 665 1892 et
679 1827 851 1908 liquamen,
876 1847 975 1911 passo
992 1834 1069 1894 tem-

117 1916 257 1999 perabis,
282 1915 344 1980 olei
367 1915 527 1980 modicum
550 1916 656 1982 mittes
678 1915 712 1979 in
729 1917 904 1981 caccabum
920 1923 953 1982 et
968 1916 1070 1983 facies

117 2012 152 2068 ut
173 2003 305 2069 ferveat.
330 2023 401 2068 cum
425 2003 586 2085 fcrvuerit,
611 2003 716 2070 amolo
742 2005 877 2086 obligas.
904 2011 936 2071 et
960 2026 1068 2072 cucur-

116 2092 199 2195 bitas
222 2091 331 2157 fricas
361 2112 525 2174 oenogaro
556 2091 724 2178 perfundis
749 2097 781 2157 ct
802 2092 896 2177 piper
919 2095 1069 2178 aspargis

117 2186 149 2246 et
170 2179 447 2335 ¹1lliledresiiustum
463 2268 512 2334 de
529 2268 958 2354 praecoquiiszpusilla
975 2291 1069 2354 prae

116 2360 230 2440 coquia
253 2378 382 2441 purgas,
409 2357 569 2438 enucleas,
593 2356 626 2421 in
649 2355 800 2438 frigidam
823 2357 930 2439 mittis,
954 2359 989 2423 in
1012 2380 1069 2444 pa-

115 2515 188 2572 cibis‘
221 2515 371 2570 levioribus
403 2515 562 2569 nominatae
616 2529 650 2569 cx
668 2514 730 2567 252.
755 2530 806 2582 pro
825 2516 960 2572 mittes.
980 2547 1008 2556 -
1034 2524 1069 2574 et

113 2592 178 2641 sunt
207 2591 238 2640 ut
266 2587 326 2639 259.
362 2585 432 2639 Cels.
464 2587 489 2649 2,
518 2587 561 2640 22.
616 2600 656 2640 cx
684 2599 724 2639 ea
753 2585 835 2641 codd.
866 2617 899 2627 —
925 2589 1069 2645 surrclas

113 2656 216 2712 Athen.
236 2658 262 2719 3,
280 2656 323 2709 49.
344 2654 464 2712 casaub.
483 2655 520 2709 ad
536 2657 562 2719 2,
615 2671 666 2724 pro
702 2656 835 2711 surdas.
869 2657 1014 2714 literarum
1044 2660 1068 2716 cl

113 2728 148 2782 64
166 2743 193 2795 p.
204 2728 264 2780 428.
278 2757 307 2763 -
319 2726 458 2781 scellas
478 2725 561 2782 codd.
616 2725 705 2781 forma
723 2741 808 2796 saepe
825 2726 983 2784 habebatur
992 2731 1019 2785 d.
1031 2731 1069 2786 ad

112 2813 162 2866 per
180 2797 344 2866 aphaeresin
363 2797 380 2850 i.
396 2813 420 2865 q.
439 2796 561 2853 ancellas
615 2797 680 2865 268,
704 2796 770 2852 indo
799 2799 849 2853 191
892 2800 1068 2866 turundabis.

113 2870 173 2922 181.
199 2867 244 2923 vel
270 2867 418 2937 intelleges
437 2868 561 2922 rusticcl-
616 2868 794 2924 turunclabis.
813 2871 985 2926 turuncabis.
1008 2888 1067 2927 sur·

112 2938 164 3001 las,
193 2939 277 3008 iunge
305 2937 470 3001 rebhdlmer.
498 2954 561 3007 per·
615 2938 688 2994 clarc
707 2944 751 2994 est
761 2939 837 3008 quod
846 2942 997 3006 surculata,
1008 2959 1068 2999 sur-

111 3009 173 3064 drix
203 3011 301 3079 grisea,
327 3025 397 3079 quae
427 3009 560 3065 Romanis
615 3009 677 3064 culo
712 3010 828 3079 alligare
856 3013 918 3078 207,
950 3008 1067 3082 infigere

110 3081 232 3136 rusticas
250 3080 372 3150 gallinae
392 3080 520 3135 dicuntur
531 3088 560 3136 et
613 3081 674 3144 319,
694 3087 725 3135 ut
743 3082 849 3150 sirpare
867 3089 913 3138 est
931 3083 1068 3153 sirpiculis
1087 3133 1089 3137 .

109 3152 237 3220 perdices
263 3151 421 3215 rusticulas,
444 3152 489 3206 val
509 3167 560 3206 ac·
614 3150 738 3220 alligare,
758 3159 844 3221 utque
865 3155 1031 3223 pampinare
1049 3171 1068 3211 a

110 3222 560 3286 oelasacccias‚beccassesGal-
613 3223 754 3291 pampino,
788 3239 900 3281 runcare
928 3240 946 3279 a
973 3243 1064 3283 rusco

109 3294 208 3349 lorum.
233 3293 320 3348 scillis
347 3293 493 3348 bulborum
511 3310 559 3348 no·
612 3293 720 3348 surclus
748 3310 769 3347 s.
798 3295 924 3352 surculus
953 3303 998 3351 est
1023 3313 1065 3353 ra·

110 3364 254 3420 bilissimis
273 3365 351 3420 locus
370 3381 425 3418 non
445 3370 495 3418 est.
612 3364 764 3427 musculus,
795 3365 906 3434 spinula
934 3367 1067 3425 lanceola

160 3436 198 3490 ad
216 3436 274 3490 183.
294 3434 309 3490 1
311 3435 487 3490 arsilibus
505 3433 559 3490 far-
613 3435 807 3504 ctcuspidula,
821 3453 974 3508 coquorum
984 3440 1065 3510 spciI,

108 3506 155 3571 sis,
174 3508 298 3575 impensa
308 3507 438 3577 impletis.
455 3538 482 3544 -
497 3522 559 3561 cas
613 3505 781 3574 spiesschen.

108 3593 176 3635 corr.
196 3594 248 3649 pro
267 3594 348 3633 cam.
375 3589 404 3634 et
429 3577 558 3634 misces
665 3577 703 3632 ad
731 3579 792 3637 184.
827 3583 1064 3653 praecoquiis
