2362 4178
109 349 152 414 96
418 348 477 403 Lib.
496 348 543 402 IV.
579 347 742 402 Pandectes.

110 506 191 570 aridi
213 505 382 587 modicum,
407 506 555 570 ciminum
582 511 614 570 et
636 505 695 570 silfi
719 505 843 570 frictum
865 513 960 571 —ut

110 600 239 673 teratur,
269 593 425 658 suffundis
454 601 579 659 acetum
608 633 651 640 —
674 593 851 673 defrictum,
884 595 976 675 liqna

109 681 251 747 refundis
271 682 304 746 in
324 684 507 762 caccabum,
531 680 589 746 sed
610 682 755 746 oolefium
773 701 934 747 aaronem.
959 683 976 746 f:

110 777 144 834 ut
166 771 289 835 ferveat
311 790 408 854 snper
429 770 538 850 ignem
560 770 688 834 lentum.
823 827 827 836 .

179 859 252 922 180
277 859 466 922 Tisanam
483 857 697 934 'farricamt
718 856 858 920 infundis
877 857 972 938 cicer,

109 947 249 1026 11001010,
273 946 384 1028 pisam.
417 944 556 1010 defricas
579 946 713 1009 tisanam
739 952 865 1008 etcum
893 946 976 1026 legul

110 1036 169 1100 bus
200 1034 311 1098 elixas.
342 1034 396 1098 ubi
422 1035 505 1099 bene
536 1034 682 1113 bullient,
715 1032 777 1097 olei
808 1034 886 1097 satis
910 1034 976 1097 mitt

110 1142 208 1208 snper
229 1121 344 1186 viridia
366 1121 508 1187 concidis
527 1142 665 1206 porrum,
687 1120 899 1203 coriandrum,
920 1143 976 1187 ane

111 1298 281 1367 mectiusque
308 1297 403 1352 reddis
431 1297 490 1351 186.
524 1327 556 1334 —

111 1367 292 1424 silfieodd.
313 1368 420 1423 01180.
440 1367 556 1422 sedsil

111 1440 171 1494 208.
209 1439 285 1507 quod
316 1439 419 1506 passim
447 1439 557 1493 reduxit

111 1509 191 1564 Hnm.
218 1509 253 1564 de
274 1509 333 1563 silis
352 1510 455 1564 semine
473 1510 556 1564 inter·

111 1587 232 1649 pratens,
257 1580 294 1634 ad
312 1581 354 1634 35.
376 1580 482 1648 Gargil.
500 1597 556 1634 our.

111 1653 196 1708 boum
214 1652 294 1719 021.
306 1652 349 1706 23.
370 1681 401 1688 -
422 1657 557 1705 teratur

112 1739 181 1778 corr.
207 1738 258 1790 pro
282 1727 431 1790 tegatnr
449 1728 478 1776 et
496 1723 556 1775 208.

111 1793 164 1847 nisi
175 1793 255 1847 malis
274 1797 424 1861 regatur
442 1792 557 1846 admini-

110 1870 220 1918 stretur.
257 1893 288 1902 -
325 1864 362 1916 ad
399 1863 557 1917 absolutum

113 1932 280 2000 „suffundic
296 1931 329 1987 cf.
342 1933 471 1986 181346.
484 1932 557 1988 forte

113 2004 199 2070 „mel“
219 2002 378 2058 addendum
397 2019 430 2056 ex
449 2003 508 2057 208.
527 2005 557 2057 id

111 2075 183 2128 enim
201 2074 287 2142 vulgo
307 2074 426 2137 additur,
452 2079 484 2128 nt
502 2090 557 2127 mo-

111 2146 164 2199 lius
189 2151 297 2199 teratur
315 2145 376 2198 245,
403 2175 436 2183 -
460 2160 557 2198 acro-

110 2232 185 2271 nem
204 2216 231 2269 in
250 2214 336 2269 fundo
355 2216 559 2283 0000000010-

112 2288 137 2340 ci
161 2287 227 2340 olim
255 2301 419 2341 aaronem
446 2286 558 2340 iacies

112 2363 147 2412 et
174 2356 241 2411 fac.
269 2363 301 2411 ut
327 2358 365 2411 sit
394 2362 475 2422 „ante
504 2357 557 2410 tol-

111 2428 168 2481 100*
190 2428 248 2480 181.

164 2497 202 2550 ad
213 2497 271 2550 180.
292 2496 389 2550 eadem
408 2494 466 2552 fere
485 2512 558 2551 com-

111 2567 225 2636 positio,
254 2567 304 2620 sed
332 2567 391 2619 sine
420 2566 559 2630 lemmate,

112 2638 247 2705 repetitur
270 2636 331 2690 209.
360 2638 451 2689 tisana
475 2637 558 2691 modo

112 2708 321 2762 fundamentum
340 2713 384 2760 est
401 2706 481 2761 huius
494 2706 560 2762 edn-

112 2780 142 2832 lii
160 2777 322 2831 recentioris
341 2778 454 2845 eiusque
473 2793 558 2832 exar-

112 2849 149 2902 tis
167 2848 291 2901 medicae
315 2849 472 2915 praeceptis
490 2849 556 2901 nati.
580 2879 585 2886 ·

112 2949 146 2959 -
174 2919 236 2972 tis.
265 2919 441 2972 barricam
477 2918 558 2972 codd.

112 2988 289 3044 taricham
308 2989 324 3042 i.
345 3006 369 3043 e.
389 2989 500 3051 salsam,
519 2991 558 3043 iu-

112 3061 186 3116 00100
213 3061 324 3127 scripsit
355 3060 435 3114 Hum.
467 3076 558 3114 meum

112 3130 280 3186 farricam
306 3136 349 3184 est
374 3131 391 3184 i.
418 3146 445 3198 q.
473 3128 558 3183 farra-

113 3204 193 3266 ciam,
212 3199 328 3256 exfarre
339 3201 459 3264 triticeo,
479 3200 558 3254 farris

113 3274 185 3332 enim
204 3273 311 3339 speeies
334 3271 400 3325 mihi
426 3276 470 3325 est
488 3271 558 3325 triti-

113 3361 174 3402 cum
200 3342 407 3398 alexandrinum
430 3347 459 3396 et
476 3342 559 3395 inter-

113 3422 210 3488 pretor
237 3415 355 3481 tisanam
387 3412 488 3479 ἇθὴραν
511 3428 560 3466 seu

115 3488 197 3560 θήραν
215 3485 306 3558 (Stura
325 3483 398 3538 Dial.
418 3483 559 3539 macedon.

610 1312 636 1364 p.
657 1297 698 1350 91.
726 1296 817 1350 Osann
844 1296 882 1349 ad
900 1296 976 1351 Phile

611 1365 908 1437 291.)Aegypti0rum‚
920 1383 976 1436 qua

610 1438 729 1492 testibus
738 1439 908 1507 Hieronymo
917 1439 976 1506 000

610 1508 670 1562 543.
691 1509 733 1562 ed.
751 1509 829 1561 Mart.
848 1515 877 1562 01
887 1509 976 1564 Cassia

611 1579 712 1633 001101.
735 1580 775 1640 15,
797 1580 836 1632 10.
858 1596 893 1634 ex
913 1578 976 1634 farn

611 1650 730 1705 cundum
763 1650 868 1704 Polluc.
896 1651 922 1713 6,
955 1653 976 1704 6:

611 1720 731 1790 Hesych.
759 1721 786 1773 in
815 1737 876 1774 voc.
906 1737 942 1775 ex
966 1729 976 1775 t

610 1787 650 1844 fit.
676 1790 779 1859 τράγον,
804 1791 922 1845 similem
945 1808 976 1859 pt

611 1863 675 1924 lam,
695 1878 728 1915 ex
748 1862 828 1929 olyra
846 1878 976 1930 generosa

611 1933 705 1986 tritico
716 1932 897 1986 alexandrino
909 1949 976 1987 marr

611 2004 783 2057 decorticato
812 2009 841 2056 et
868 2003 974 2057 siccato

612 2075 707 2128 dieunt
736 2073 890 2141 Geoponici
919 2076 945 2130 3.
972 2080 976 2124 t

611 2145 696 2198 malni
716 2144 780 2197 olim
800 2145 976 2211 porricarr

613 2231 735 2276 taceam,
772 2231 789 2268 a
826 2232 912 2282 porro
950 2232 976 2270 00

614 2301 684 2355 quae
704 2287 869 2348 nominetur,
894 2293 923 2339 et
948 2303 976 2353 p<

614 2358 701 2411 ciam
721 2357 878 2423 prosiciam‚
899 2372 977 2424 apro

613 2427 713 2480 herbis.
749 2426 910 2481 defricas
945 2427 976 2480 ed

613 2499 692 2551 Hum.
713 2499 820 2550 01209.
842 2497 976 2551 0001110

614 2567 696 2622 fricas
717 2569 775 2620 110.
803 2566 961 2622 defrixas

615 2669 646 2675 -
673 2654 780 2705 super
805 2639 927 2706 insuper,
955 2655 974 2706 p

614 2724 669 2762 rea.
697 2740 729 2747 -
759 2725 830 2769 an..
866 2708 977 2763 senior

613 2779 756 2833 mollem
788 2780 876 2833 tribus
906 2781 976 2834 nomi

614 2851 722 2903 omissis
742 2851 802 2903 200.
822 2851 850 2903 01
868 2852 976 2904 scribes

613 2920 646 2973 lis
674 2921 797 2983 betae,
831 2922 971 2974 malvae

613 2991 797 3058 interpretans
809 2991 949 3048 betacium
960 3008 974 3045 e

613 3062 721 3114 vacrum
749 3060 866 3128 (Arnob.
883 3063 909 3124 4,
933 3063 973 3116 10.

614 3132 696 3186 Olera
721 3149 749 3199 p.
776 3133 811 3184 50
827 3134 892 3197 =53)
919 3134 975 3187 inte

612 3202 656 3255 vel
676 3203 810 3256 Martialis
832 3205 873 3266 13,
891 3205 976 3271 101]

613 3279 705 3326 tomos
729 3274 872 3336 coliculos,
898 3276 974 3328 viren

615 3344 656 3405 18,
676 3344 700 3394 7.
727 3345 774 3412 qui
800 3346 910 3413 generis
936 3345 976 3400 ole

613 3412 754 3468 brassicae
780 3416 889 3482 (Galen.
918 3414 970 3470 fao.

615 3486 640 3547 2,
660 3485 714 3550 58.)
742 3489 848 3554 primae
869 3493 897 3540 et
923 3503 976 3556 seq:
