2362 4178
381 351 440 406 lib.
456 350 502 406 IV.
540 351 703 408 Pandectss.

972 352 1014 418 95

70 506 125 576 lem
153 509 246 576 simul
275 489 380 575 tritum
410 518 442 577 et
471 511 572 577 facies
608 517 641 575 ut
670 511 803 577 ferveat.
837 531 906 577 oum
931 512 1014 577 bene

69 597 222 679 lervuerit,
246 601 339 664 tolles
362 600 558 665 fasciculum.
582 605 612 664 et
632 599 805 664 transferes
828 600 860 662 in
880 599 1014 664 alterum

67 689 237 753 caccabum
268 688 403 751 tisanam
434 689 479 753 sio
507 708 547 752 ne
580 687 711 769 fungum
742 693 854 769 tangat
883 694 1016 770 propter

66 776 299 840 conbusturam.
334 775 394 840 lias
431 782 463 840 et
497 776 637 840 collocas
674 776 706 838 in
742 776 883 840 caccabo
919 795 1015 860 super

62 882 213 928 aaronem
249 863 404 929 coleiium.
440 869 524 931 teres
559 864 661 949 piper,
700 863 882 944 ligistioum,
917 864 1016 947 puleii

61 1021 144 1077 codd.
182 1020 358 1076 coledium
390 1022 433 1076 ed.
469 1038 509 1089 pr.

60 1091 240 1147 colesium
270 1092 351 1146 codd.
385 1093 444 1146 208.
483 1093 511 1144 in

60 1177 116 1216 uno
136 1178 197 1230 par.
210 1162 375 1229 puleium,
394 1179 445 1230 pro
457 1177 511 1231 qua

59 1231 153 1287 forma
172 1238 217 1287 est
234 1233 388 1300 poleium
406 1234 511 1300 apisl-

60 1303 121 1358 dor.
144 1304 187 1365 17,
197 1304 223 1366 9,
233 1303 275 1358 59.
295 1303 368 1357 unde
384 1304 467 1371 polei.
480 1333 511 1345 υ

61 1373 288 1428 colocasium
325 1374 405 1428 Hum.
435 1375 511 1429 cuius

60 1443 174 1499 rotulae
194 1444 231 1498 ad
249 1445 291 1499 ius
301 1444 442 1499 adduntur
452 1446 512 1499 218.

61 1509 187 1570 colifium
207 1515 346 1583 explicant
359 1516 439 1583 panis
449 1531 513 1586 azy-

61 1586 101 1640 mi
120 1591 251 1640 crustam.
271 1586 344 1640 idem
364 1587 408 1640 vel
425 1587 514 1641 simile

61 1671 166 1711 nomen
191 1672 255 1711 mox
278 1657 351 1711 redit
370 1659 410 1711 sic
429 1658 514 1725 scrip·

61 1734 138 1782 tum:
184 1725 323 1789 colefrim,
361 1726 514 1783 colefrium.

62 1790 224 1860 ooloefium,
249 1797 397 1862 colovium,
422 1799 513 1853 coloe-

62 1869 146 1932 sium,
184 1869 330 1926 colonium.
369 1869 512 1932 colosium,

64 1939 241 2002 coloestium,
274 1939 408 2003 colitium,
437 1941 513 1995 colo·

63 2007 141 2073 fium,
168 2010 339 2072 eoloelrium,
362 2009 513 2073 coloefrim

64 2081 247 2148 coloephrim,
274 2080 405 2142 colesum,
431 2077 513 2136 coefi-

64 2168 132 2206 num
142 2166 186 2219 ap.
198 2152 331 2220 Pelagon.
342 2168 369 2219 p.
379 2152 422 2205 41.
434 2153 513 2206 Η11111.

48 2224 168 2278 iterum
195 2223 306 2290 scripsit
338 2223 514 2285 colocasium,

66 2295 145 2348 cuius
180 2291 250 2347 folia
283 2294 417 2348 latissima
455 2309 515 2348 esse

65 2370 189 2419 testatur
206 2365 312 2419 Plinius
331 2366 374 2425 21,
392 2365 434 2418 81.
458 2379 516 2418 oar-

66 2450 138 2490 nosa
157 2443 186 2489 et
199 2436 289 2502 spissa
301 2433 439 2502 Theophr.
451 2435 514 2488 hist.

64 2506 102 2575 pl.
124 2507 149 2567 4,
160 2506 186 2569 8,
200 2507 223 2559 1.
243 2511 343 2573 sponte
364 2521 398 2558 ao
416 2510 516 2559 natura

65 2591 199 2639 concava,
218 2582 341 2643 paterae,
352 2577 451 2643 occasi,
472 2590 516 2629 ca-

65 2647 117 2700 tini
137 2652 166 2701 et
190 2646 288 2717 scyphi
308 2645 426 2702 formam
446 2645 515 2700 ref-

66 2718 157 2772 rencia
179 2717 281 2772 Strabo
302 2720 343 2781 11,
364 2721 388 2780 1,
409 2718 450 2771 15.
480 2714 513 2770 01.

65 2787 183 2843 Salmas.
200 2790 228 2841 in
237 2787 322 2843 Solio.
337 2806 363 2857 p.
375 2789 426 2842 619
437 2803 514 2856 seqq.

65 2873 122 2913 non
141 2858 222 2919 male,
242 2875 302 2913 oum
322 2857 537 2913 sicioliamal·'

66 2943 163 2983 varum
183 2928 396 2984 substernuntur
411 2934 440 2983 et
454 2944 516 2983 coc·

66 3005 130 3054 tura
148 2994 228 3053 finita
247 3000 382 3055 tolluntur
393 3000 452 3053 181.
468 2999 517 3052 illa

66 3085 129 3125 esse
147 3070 317 3125 adiectivum
336 3085 465 3140 graecum
478 3070 516 3122 la-

66 3140 126 3195 tina
146 3141 340 3196 terminatione
359 3142 455 3196 datum
474 3155 516 3193 ar-

65 3217 211 3281 gumento·
225 3227 286 3266 esso
312 3213 436 3274 credunt,
456 3227 516 3264 cnm

66 3283 154 3352 ἄκρων
166 3298 301 3336 summum
312 3283 443 3337 colocasii
454 3296 517 3336 cau·

66 3352 101 3408 lis
128 3354 262 3409 verticem
283 3360 416 3417 tenerum,
443 3353 517 3407 cibo-

67 3426 138 3479 rium
164 3424 415 3488 Dioscor.2,128.
445 3425 518 3488 ,11111-

67 3495 516 3567 genblatttrieb“DicrltaolrFlor.

565 1022 635 1089 apio.
655 1026 676 1085 ξ.
696 1021 738 1075 40.
766 1020 882 1088 κορυφὴν
901 1037 950 1075 seu
969 1040 1014 1071 κε-

566 1090 655 1156 φαλὴν,
683 1091 836 1160 capitulum
869 1087 1015 1159 significet.

566 1162 693 1231 equidem
713 1162 790 1215 aliud
803 1163 892 1216 solum
904 1162 1016 1218 saccabi

566 1233 754 1288 commendem
775 1233 895 1288 suadens
906 1234 1017 1301 legatur

567 1304 703 1371 colepium
728 1319 749 1357 s.
776 1302 913 1366 colefium,
942 1304 1015 1359 cols·

566 1373 670 1442 phium,
690 1373 848 1442 coliphium,
869 1374 944 1444 quod
961 1375 1015 1430 cal·

566 1445 622 1499 lurn
659 1445 826 1514 tergorium,
871 1445 1017 1510 solrwarte

566 1514 765 1585 specksehnitt,
786 1522 814 1570 et
825 1516 961 1581 colicium,
972 1533 1017 1572 00-

567 1586 676 1649 lonium,
694 1589 818 1647 κωλίκιον,
828 1589 952 1652 scalciaco,
962 1607 1016 1637 κω-

568 1657 655 1722 λὴνιον
680 1673 725 1725 ap.
751 1657 827 1712 Suid.
848 1659 880 1712 Π.
907 1674 935 1726 p.
954 1659 1017 1714 374.

568 1727 678 1791 dicitnr,
699 1725 732 1781 cl.
751 1727 871 1797 interpp.
891 1728 928 1782 ad
938 1730 1017 1785 Iuve-

567 1799 622 1852 nal.
651 1801 676 1861 2,
705 1799 747 1852 53.
782 1799 896 1868 eiusque
925 1797 1018 1857 Schol.

567 1886 594 1937 p.
614 1870 675 1924 842.
695 1869 755 1923 343.
781 1876 810 1924 et
838 1869 939 1938 κὰλλοψ
963 1870 1018 1926 Eu·

568 1939 673 1995 stathio
700 1940 736 1995 ad
769 1940 819 1995 Od.
842 1942 884 2003 21,
903 1941 963 1995 407.
990 1959 1017 2010 p.

569 2011 646 2073 1915,
666 2011 708 2072 17,
728 2017 771 2066 est
789 2011 888 2077 ταύρου
908 2011 1017 2080 inauxi-

568 2101 622 2131 νιον
641 2079 729 2146 δέρμα,
749 2081 821 2148 παχύ
842 2079 923 2148 δέρμα
947 2082 1018 2138 Geo.

569 2169 632 2222 pon.
654 2153 695 2204 19.
715 2152 739 2213 6,
759 2154 783 2205 3.
804 2168 865 2205 oum
885 2158 962 2215 nota,
988 2160 1019 2207 ut

571 2216 632 2278 cuni
650 2221 790 2276 adiectivo
816 2224 853 2276 sit
871 2221 1018 2289 ἅκροκολὴ-

572 2313 639 2353 πιον,
657 2291 882 2360 acrocoliphium,
909 2293 1019 2357 callum,

571 2364 647 2432 quod
672 2379 827 2430 supponere
853 2363 945 2418 solent
971 2381 1019 2418 no·

570 2435 620 2488 stri
649 2433 732 2501 coqui
757 2434 860 2488 carotis
886 2440 915 2489 et
940 2450 1019 2489 oucu-

571 2505 690 2559 moribus
725 2505 884 2572 coquendis,
923 2505 1020 2574 populi

572 2575 721 2629 orientales
740 2575 893 2642 pulticulae
913 2576 1020 2629 0111110-

571 2662 631 2700 men
651 2645 753 2713 pillaw.
780 2647 855 2713 apud
875 2646 974 2714 Veget.
994 2647 1020 2710 2,

569 2717 673 2780 28,11.
700 2715 786 2770 habos
811 2732 939 2771 aaronem
967 2717 1021 2771 sal·

570 2804 629 2842 sum
648 2787 726 2854 porci
745 2788 857 2856 pinguls
876 2788 893 2841 i.
905 2803 928 2842 e.
946 2792 1021 2841 trun·

571 2858 661 2913 culum
684 2858 750 2920 suis,
776 2859 823 2926 qui
851 2858 938 2927 ἄκρων
963 2864 1022 2925 χοι-

571 2947 635 2994 poor
654 2928 765 2990 dicitur,
785 2927 820 2982 cf.
840 2929 877 2983 ib.
897 2930 922 2992 5,
942 2930 1020 2993 611.

571 3001 596 3062 6,
615 2999 639 3059 8,
661 3001 683 3050 l.
715 2998 857 3066 ἅκροκώλια
883 3006 1021 3054 extremas

570 3074 673 3137 partes,
693 3077 725 3123 ut
739 3069 835 3136 pedes,
855 3070 957 3138 passim
973 3069 1022 3122 ha-

571 3141 676 3195 bemus.
699 3170 729 3177 »—
756 3138 831 3196 forte
853 3139 1022 3208 iungendum

574 3217 620 3276 ,ut
647 3209 686 3264 ibi
721 3216 875 3278 coquantur
907 3217 1023 3279 propter

572 3284 694 3336 sucum“.
715 3311 746 3318 -
766 3297 817 3349 pro
837 3282 963 3336 codicum
984 3281 1022 3335 li·

571 3366 634 3421 gas
656 3356 684 3406 et
703 3351 904 3415 188188194,
925 3351 1023 3419 scripsi

572 3424 642 3476 lias
663 3422 734 3492 lyas,
761 3423 860 3490 liquas,
879 3422 907 3475 in
926 3420 1022 3477 humo·

573 3511 629 3548 rem
650 3493 767 3548 resolvis
787 3500 815 3548 et
831 3491 1022 3562 liquidumhu-
