2362 4178
368 432 427 486 Lib.
441 431 476 492 V.
505 432 636 500 Ospreos.
948 433 1010 498 109

55 609 196 672 porrum,
229 589 439 673 coriandrum,
471 591 602 657 eoliclos
633 590 817 656 malvarum.
851 589 925 654 dum
957 611 1009 656 co·

57 678 172 761 quitur,
204 684 289 744 teres
320 679 422 762 piper,
455 679 636 761 ligisticum,
670 679 846 760 origanum,
880 677 1010 743 feniculi

56 786 180 848 semen,
204 766 359 832 suffundis
382 767 543 849 liquamen
567 775 598 833 et
621 768 739 832 vinum.
772 767 804 831 in
825 767 1009 848 caccabum,

56 853 180 920 adicies
205 856 318 920 oleum.
344 875 415 920 oum
438 854 599 937 fervuerit,
625 856 741 938 agitas.
774 855 878 920 oleum
909 854 1010 920 viride

55 943 191 1026 insuper
213 943 309 1008 mittis
333 949 365 1008 et
386 943 515 1009 inferes.

124 1032 199 1097 202.
232 1031 467 1111 Conciclam
505 1052 589 1097 cum
621 1031 737 1096 faba:
769 1050 896 1114 coques.
926 1037 1011 1097 teres

55 1117 160 1203 piper,
185 1118 365 1201 ligisticum,
391 1120 549 1201 ciminum,
582 1119 783 1186 coriandrum
814 1119 915 1185 viride
947 1119 1009 1184 suf-

55 1206 165 1272 fundis
187 1208 361 1289 liquamen,
385 1208 459 1273 vino
480 1215 511 1273 et
525 1208 696 1289 liquamine
712 1208 915 1290 temperabis.
941 1208 1009 1273 1nit·

55 1295 96 1360 tis
120 1295 153 1360 in
178 1298 362 1377 caccabum,
396 1295 520 1362 adicies
546 1297 662 1362 oleum.
687 1296 773 1361 leuto
797 1296 864 1378 igni
887 1296 1011 1362 ferveat

56 1388 89 1450 et
111 1381 242 1450 inferes.

58 1549 62 1554 ,
124 1473 199 1539 203.
233 1472 468 1538 Conciclam
498 1471 753 1556 apicianam:
784 1470 926 1556 accipies
958 1493 1010 1540 cu-

55 1581 186 1627 manam
209 1561 361 1626 mundam
384 1562 438 1626 ubi
462 1581 581 1643 coques
611 1561 725 1644 pisam,
759 1561 809 1626 cui
840 1561 936 1627 mittis
964 1563 1010 1627 lu·

56 1651 187 1716 canicas
211 1650 369 1731 concisas,
394 1650 518 1716 isiciala
540 1649 682 1734 porcina.
703 1651 819 1733 pulpas
832 1650 1007 1733 petasonis.

56 1745 141 1804 teres
165 1738 267 1825 pip'er,
299 1738 481 1821 ligisticum,
514 1739 691 1820 origanum,
724 1743 862 1818 anetum,
895 1758 1010 1826 cepam

56 1826 186 1909 siccam,
212 1827 412 1893 coriandrum
435 1826 547 1908 viride,
576 1825 732 1899 suffundis
763 1826 935 1908 liquamen,
964 1827 1009 1892 vi·

56 1935 131 1981 num
155 1921 188 1981 et
209 1916 381 1997 liquamine
404 1915 597 2000 temperabis
639 1914 736 1980 mittis
766 1914 799 1978 in
831 1935 1008 1998 cumanam,

57 2004 108 2069 cui
132 2003 255 2069 adicies
280 2004 394 2086 oleum,
418 2004 535 2090 pungis
558 2003 675 2085 ubique
705 2008 740 2067 ut
763 2003 914 2069 conbibat
945 2004 1010 2071 ole-

57 2112 118 2158 um.
142 2092 211 2175 igni
233 2093 319 2158 lento
345 2113 464 2177 coques
486 2092 531 2157 ita
554 2099 588 2157 ut
610 2092 734 2158 ferveat
758 2098 790 2157 et
812 2091 940 2159 inferes.

10 2288 12 2295 ,
57 2249 161 2305 vacios.
180 2249 251 2304 Plin.
271 2251 315 2314 21,
342 2252 382 2304 19.
410 2251 505 2306 Diosc.
562 2250 606 2304 cui
630 2249 759 2305 valvulae
784 2254 911 2304 exemtae
936 2262 1009 2313 sunt,

56 2323 81 2385 2,
111 2319 171 2374 144.
206 2322 338 2384 turinnes,
373 2321 507 2390 criptum
561 2321 667 2376 Colum.
697 2322 722 2383 6,
741 2321 785 2382 31,
816 2322 838 2373 1.
866 2320 891 2382 6,
915 2321 957 2387 10,
984 2322 1009 2376 1.

55 2389 203 2459 Aristoph.
228 2392 301 2446 Plut.
326 2391 387 2446 544.
413 2423 446 2429 —
471 2394 505 2446 in
560 2407 646 2460 quaro
664 2392 726 2460 pisa
744 2406 795 2459 pro
812 2391 936 2445 conciola
954 2391 1009 2445 dici

57 2462 247 2517 caccabum
266 2463 504 2517 1111111202.-
559 2468 654 2529 potest
672 2463 731 2516 203.
752 2462 814 2515 205.
848 2460 882 2516 cf.
909 2462 1008 2530 depisa

56 2534 174 2602 agitas
194 2534 328 2601 coagitas.
349 2564 382 2573 —
559 2533 619 2586 204.
640 2531 773 2587 lenticula
792 2533 836 2586 cui
855 2533 1010 2587 cortexde·

108 2603 147 2657 ad
165 2605 227 2657 202.
247 2605 412 2659 conciola
431 2620 504 2658 cum
559 2609 649 2657 tracta
669 2610 759 2672 atque
779 2604 864 2657 etiam
884 2602 1009 2658 farinae

10 2688 17 2721 ι
56 2672 148 2736 faba,
167 2675 191 2729 si
210 2674 287 2728 locus
306 2675 408 2738 salvus,
428 2676 504 2730 vide·
558 2675 691 2729 lenticula
725 2674 838 2729 Graecis
869 2676 882 2724 ὁ
908 2676 1010 2732 taxatae

10 2780 16 2813 ,
56 2751 101 2799 tur
118 2745 219 2808 solida,
238 2746 348 2814 integra
367 2761 428 2800 cum
445 2762 504 2800 cor·
559 2744 671 2808 dicitur,
690 2745 753 2814 puls
773 2745 883 2813 erpisis
894 2748 939 2801 vel
951 2745 1009 2818 len-

10 2818 16 2871 i
56 2816 110 2871 tice
128 2831 180 2871 suo
200 2816 326 2878 decocta,
345 2816 437 2872 sehale
453 2817 504 2870 mit
557 2815 652 2871 ticula.
672 2815 825 2884 Schweigh.
846 2816 882 2870 ad
897 2816 1008 2873 'Athen

10 2878 16 2956 l
56 2886 106 2941 der
117 2886 219 2950 bobne,
239 2886 419 2948 schalbohne,
439 2903 502 2942 con·
556 2888 582 2949 3,
606 2888 649 2941 89.
668 2903 694 2954 p.
718 2888 779 2940 337.
805 2903 856 2954 pro
882 2890 1005 2945 conci·

11 2958 15 2977 ³
57 2958 125 3012 cicla
144 2973 195 3012 seu
219 2958 361 3012 conoicula
380 2958 502 3012 Marcelli
557 2958 647 3011 clam
685 2957 713 3010 O.
760 2956 867 3012 Gesner
903 2959 1010 3014 mavult

10 2988 19 3071 l
56 3029 89 3082 33
98 3045 126 3096 p.
142 3029 201 3082 227.
222 3043 294 3097 quae
314 3028 425 3083 conchis
444 3028 501 3095 κὸγ-
557 3026 780 3083 conchidem.
798 3028 879 3083 Hum.
898 3031 1010 3099 scripsit

10 3116 18 3140 Ι

56 3117 110 3165 xvc,
144 3115 206 3154 cum
240 3098 306 3153 faba
337 3099 431 3153 iuncta
458 3115 502 3166 ap.
559 3097 785 3154 couchiclam
819 3106 848 3154 et
876 3101 1009 3169 interpre-

10 3144 19 3213 l
57 3168 159 3224 Athen.
191 3169 217 3233 4,
248 3170 290 3224 50.
317 3170 353 3225 de
378 3185 433 3238 qua
461 3176 504 3224 est
558 3174 635 3224 tatur
654 3167 748 3224 fabam
767 3170 892 3226 conchin.
913 3202 944 3209 —
965 3171 1009 3225 li-

57 3239 195 3295 distichon
231 3241 366 3295 Martialis
406 3242 447 3304 13,
479 3241 504 3304 7,
559 3256 709 3309 quamen
728 3241 762 3294 in
781 3257 819 3297 ea
838 3242 920 3296 codd.

58 3310 117 3365 coll.
137 3311 163 3373 5,
182 3312 225 3365 39.
238 3312 263 3374 7,
283 3312 324 3366 ts.
344 3311 466 3366 Iuvenal.
478 3313 504 3375 3,
612 3312 650 3366 ad
663 3313 724 3366 203.
743 3312 855 3380 pisum
874 3312 956 3368 codd.
971 3312 1008 3365 ad

31 3402 33 3406 ·
59 3381 178 3445 13314,
205 3383 264 3436 131.
289 3381 372 3436 fabae
396 3380 504 3437 follicu-
559 3383 619 3436 202.
641 3413 673 3420 -
693 3384 885 3450 petasonis
900 3382 1008 3438 cx194.

58 3451 129 3506 latae
157 3453 309 3521 opponitur
338 3451 427 3507 fracta
454 3469 504 3508 seu
557 3460 853 3521 propetasonem.
875 3470 1008 3521 -pun-

60 3520 137 3586 lresa,
168 3524 239 3592 pisa,
267 3524 355 3591 pinsa,
391 3525 502 3591 pinsita.
557 3524 613 3592 gis
638 3541 672 3579 ex
699 3522 779 3578 codd.
806 3530 835 3577 et
858 3525 919 3578 301.
946 3526 1008 3578 320.

60 3591 279 3663 ἅπολελεπισμένη,
317 3593 501 3657 intentatam,
558 3595 635 3649 llum.
650 3595 743 3650 obiter
758 3595 870 3663 scripsit
886 3611 1008 3663 perun·
