<?xml version="1.0" encoding="UTF-8"?>
<!DOCTYPE html PUBLIC "-//W3C//DTD XHTML 1.0 Transitional//EN"
    "http://www.w3.org/TR/xhtml1/DTD/xhtml1-transitional.dtd">
<html xmlns="http://www.w3.org/1999/xhtml" xml:lang="en" lang="en">
 <head>
  <title>
</title>
<meta http-equiv="Content-Type" content="text/html;charset=utf-8" />
  <meta name='ocr-system' content='tesseract 3.04.00' />
  <meta name='ocr-capabilities' content='ocr_page ocr_carea ocr_par ocr_line ocrx_word'/>
</head>
<body>
  <div class='ocr_page' id='page_1' title='image "apicicaeliderec00apicgoog_0045.png"; bbox 0 0 2362 4178; ppageno 0'>
   <div class='ocr_carea' id='block_1_1' title="bbox 158 428 798 502">
    <p class='ocr_par' dir='ltr' id='par_1_1' title="bbox 158 428 798 502">
     <span class='ocr_line' id='line_1_1' title="bbox 158 428 798 502; baseline -0.011 -8"><span class='ocrx_word' id='word_1_1' title='bbox 158 487 162 494; x_wconf 93' lang='lat'><strong>.</strong></span> <span class='ocrx_word' id='word_1_2' title='bbox 182 430 224 497; x_wconf 86' lang='lat'><strong>38</strong></span> <span class='ocrx_word' id='word_1_3' title='bbox 513 429 574 486; x_wconf 74' lang='lat' dir='ltr'><strong>nib.</strong></span> <span class='ocrx_word' id='word_1_4' title='bbox 592 431 613 486; x_wconf 93' lang='lat'><strong>1.</strong></span> <span class='ocrx_word' id='word_1_5' title='bbox 649 428 798 502; x_wconf 78' lang='lat' dir='ltr'><strong>Epimelce.</strong></span> 
     </span>
    </p>
   </div>
   <div class='ocr_carea' id='block_1_2' title="bbox 177 592 1135 1829">
    <p class='ocr_par' dir='ltr' id='par_1_2' title="bbox 180 592 1133 941">
     <span class='ocr_line' id='line_1_2' title="bbox 249 592 1133 678; baseline 0.008 -20"><span class='ocrx_word' id='word_1_6' title='bbox 249 595 301 659; x_wconf 84' lang='lat'><strong>34.</strong></span> <span class='ocrx_word' id='word_1_7' title='bbox 336 592 603 678; x_wconf 85' lang='lat' dir='ltr'><strong>Hypotrima:</strong></span> <span class='ocrx_word' id='word_1_8' title='bbox 639 593 741 678; x_wconf 81' lang='lat' dir='ltr'>piper,</span> <span class='ocrx_word' id='word_1_9' title='bbox 773 593 962 676; x_wconf 82' lang='lat' dir='ltr'><strong>ligistioum,</strong></span> <span class='ocrx_word' id='word_1_10' title='bbox 994 603 1133 664; x_wconf 86' lang='lat' dir='ltr'><strong>mentam</strong></span> 
     </span>
     <span class='ocr_line' id='line_1_3' title="bbox 181 680 1132 770; baseline 0.008 -25"><span class='ocrx_word' id='word_1_11' title='bbox 181 680 316 765; x_wconf 86' lang='lat' dir='ltr'><strong>aridam,</strong></span> <span class='ocrx_word' id='word_1_12' title='bbox 349 683 481 749; x_wconf 83' lang='lat' dir='ltr'>nucleos</span> <span class='ocrx_word' id='word_1_13' title='bbox 511 682 634 766; x_wconf 84' lang='lat' dir='ltr'><strong>pineus,</strong></span> <span class='ocrx_word' id='word_1_14' title='bbox 664 702 757 749; x_wconf 84' lang='lat' dir='ltr'><strong>uvam</strong></span> <span class='ocrx_word' id='word_1_15' title='bbox 793 703 933 766; x_wconf 86' lang='lat' dir='ltr'><strong>passam,</strong></span> <span class='ocrx_word' id='word_1_16' title='bbox 970 686 1132 770; x_wconf 88' lang='lat' dir='ltr'><strong>cariotam,</strong></span> 
     </span>
     <span class='ocr_line' id='line_1_4' title="bbox 181 770 1133 859; baseline 0.004 -22"><span class='ocrx_word' id='word_1_17' title='bbox 181 789 312 838; x_wconf 82' lang='lat' dir='ltr'><strong>caseum</strong></span> <span class='ocrx_word' id='word_1_18' title='bbox 346 770 489 855; x_wconf 83' lang='lat' dir='ltr'><strong>dulcem,</strong></span> <span class='ocrx_word' id='word_1_19' title='bbox 525 772 602 853; x_wconf 91' lang='lat' dir='ltr'><strong>mel,</strong></span> <span class='ocrx_word' id='word_1_20' title='bbox 637 778 778 854; x_wconf 87' lang='lat' dir='ltr'><strong>acetum,</strong></span> <span class='ocrx_word' id='word_1_21' title='bbox 810 773 981 856; x_wconf 84' lang='lat' dir='ltr'><strong>liquamen,</strong></span> <span class='ocrx_word' id='word_1_22' title='bbox 1016 775 1133 859; x_wconf 87' lang='lat' dir='ltr'><strong>vinum,</strong></span> 
     </span>
     <span class='ocr_line' id='line_1_5' title="bbox 180 860 749 941; baseline 0.005 -17"><span class='ocrx_word' id='word_1_23' title='bbox 180 860 294 941; x_wconf 88' lang='lat' dir='ltr'><strong>oleum,</strong></span> <span class='ocrx_word' id='word_1_24' title='bbox 319 860 485 926; x_wconf 80' lang='lat' dir='ltr'><strong>defrictum</strong></span> <span class='ocrx_word' id='word_1_25' title='bbox 510 866 564 924; x_wconf 89' lang='lat' dir='ltr'><strong>aut</strong></span> <span class='ocrx_word' id='word_1_26' title='bbox 587 861 749 928; x_wconf 86' lang='lat' dir='ltr'><strong>cariotum.</strong></span> 
     </span>
    </p>

    <p class='ocr_par' dir='ltr' id='par_1_3' title="bbox 177 948 1135 1565">
     <span class='ocr_line' id='line_1_6' title="bbox 248 948 1133 1034; baseline 0.005 -21"><span class='ocrx_word' id='word_1_27' title='bbox 248 949 300 1013; x_wconf 84' lang='lat'><strong>35.</strong></span> <span class='ocrx_word' id='word_1_28' title='bbox 325 948 850 1032; x_wconf 83' lang='lat' dir='ltr'><strong>Oxygarumdigeetibile:</strong></span> <span class='ocrx_word' id='word_1_29' title='bbox 874 949 995 1034; x_wconf 86' lang='lat' dir='ltr'><strong>piperis</strong></span> <span class='ocrx_word' id='word_1_30' title='bbox 1010 971 1133 1018; x_wconf 84' lang='lat' dir='ltr'><strong>semun-</strong></span> 
     </span>
     <span class='ocr_line' id='line_1_7' title="bbox 180 1035 1135 1125; baseline 0.006 -23"><span class='ocrx_word' id='word_1_31' title='bbox 180 1035 273 1120; x_wconf 90' lang='lat' dir='ltr'><strong>ciam,</strong></span> <span class='ocrx_word' id='word_1_32' title='bbox 297 1038 347 1103; x_wconf 85' lang='lat' dir='ltr'><strong>sili</strong></span> <span class='ocrx_word' id='word_1_33' title='bbox 371 1038 480 1120; x_wconf 83' lang='lat' dir='ltr'>gallici</span> <span class='ocrx_word' id='word_1_34' title='bbox 503 1039 659 1121; x_wconf 81' lang='lat' dir='ltr'><strong>scripulos</strong></span> <span class='ocrx_word' id='word_1_35' title='bbox 683 1040 741 1104; x_wconf 87' lang='grc' dir='ltr'><strong>ΙΙΙ.</strong></span> <span class='ocrx_word' id='word_1_36' title='bbox 767 1039 963 1105; x_wconf 90' lang='lat' dir='ltr'><strong>cardamomi</strong></span> <span class='ocrx_word' id='word_1_37' title='bbox 978 1040 1135 1125; x_wconf 77' lang='lat' dir='ltr'><strong>scripulos</strong></span> 
     </span>
     <span class='ocr_line' id='line_1_8' title="bbox 179 1125 1135 1209; baseline 0.008 -19"><span class='ocrx_word' id='word_1_38' title='bbox 179 1125 233 1191; x_wconf 88' lang='lat' dir='ltr'><strong>VI.</strong></span> <span class='ocrx_word' id='word_1_39' title='bbox 252 1125 355 1194; x_wconf 80' lang='lat' dir='ltr'><strong>cimini</strong></span> <span class='ocrx_word' id='word_1_40' title='bbox 366 1126 523 1209; x_wconf 81' lang='lat' dir='ltr'><strong>scripulos</strong></span> <span class='ocrx_word' id='word_1_41' title='bbox 538 1127 592 1193; x_wconf 90' lang='lat' dir='ltr'><strong>VI.</strong></span> <span class='ocrx_word' id='word_1_42' title='bbox 606 1126 685 1193; x_wconf 81' lang='lat' dir='ltr'><strong>lolis</strong></span> <span class='ocrx_word' id='word_1_43' title='bbox 724 1128 731 1144; x_wconf 76' lang='lat'><em>⁶</em></span> <span class='ocrx_word' id='word_1_44' title='bbox 757 1129 842 1193; x_wconf 93' lang='lat' dir='ltr'><strong>ulum</strong></span> <span class='ocrx_word' id='word_1_45' title='bbox 858 1130 883 1193; x_wconf 95' lang='grc' dir='ltr'><strong>Ι.</strong></span> <span class='ocrx_word' id='word_1_46' title='bbox 893 1129 1135 1197; x_wconf 80' lang='lat' dir='ltr'><strong>mentacniccae</strong></span> 
     </span>
     <span class='ocr_line' id='line_1_9' title="bbox 178 1215 1135 1302; baseline 0.004 -22"><span class='ocrx_word' id='word_1_47' title='bbox 178 1215 688 1298; x_wconf 76' lang='lat' dir='ltr'><strong>scripuloeVItunsacribrataqu</strong></span> <span class='ocrx_word' id='word_1_48' title='bbox 750 1217 957 1299; x_wconf 82' lang='lat' dir='ltr'><strong>ellccolligie,</strong></span> <span class='ocrx_word' id='word_1_49' title='bbox 973 1236 1135 1302; x_wconf 82' lang='lat' dir='ltr'><strong>cumopua</strong></span> 
     </span>
     <span class='ocr_line' id='line_1_10' title="bbox 177 1302 1134 1392; baseline 0.006 -24"><span class='ocrx_word' id='word_1_50' title='bbox 177 1302 282 1386; x_wconf 84' lang='lat' dir='ltr'><strong>fucrit,</strong></span> <span class='ocrx_word' id='word_1_51' title='bbox 295 1305 456 1385; x_wconf 80' lang='lat' dir='ltr'><strong>liquamen</strong></span> <span class='ocrx_word' id='word_1_52' title='bbox 474 1310 505 1370; x_wconf 89' lang='lat' dir='ltr'><strong>et</strong></span> <span class='ocrx_word' id='word_1_53' title='bbox 517 1309 643 1369; x_wconf 91' lang='lat' dir='ltr'><strong>acetum</strong></span> <span class='ocrx_word' id='word_1_54' title='bbox 659 1305 761 1371; x_wconf 90' lang='lat' dir='ltr'><strong>addis.</strong></span> <span class='ocrx_word' id='word_1_55' title='bbox 786 1305 903 1371; x_wconf 82' lang='lat' dir='ltr'><strong>Aliter:</strong></span> <span class='ocrx_word' id='word_1_56' title='bbox 923 1306 1047 1392; x_wconf 84' lang='lat' dir='ltr'><strong>piperis</strong></span> <span class='ocrx_word' id='word_1_57' title='bbox 1063 1327 1134 1374; x_wconf 83' lang='lat' dir='ltr'><strong>uno.</strong></span> 
     </span>
     <span class='ocr_line' id='line_1_11' title="bbox 178 1392 1134 1477; baseline 0.005 -20"><span class='ocrx_word' id='word_1_58' title='bbox 178 1392 407 1476; x_wconf 65' lang='lat' dir='ltr'><strong>[petrosilini</strong></span> <span class='ocrx_word' id='word_1_59' title='bbox 426 1392 520 1474; x_wconf 81' lang='lat' dir='ltr'><strong>carel,</strong></span> <span class='ocrx_word' id='word_1_60' title='bbox 537 1392 665 1475; x_wconf 84' lang='lat' dir='ltr'><strong>ligistici</strong></span> <span class='ocrx_word' id='word_1_61' title='bbox 681 1414 752 1460; x_wconf 92' lang='lat' dir='ltr'><strong>unc.</strong></span> <span class='ocrx_word' id='word_1_62' title='bbox 770 1393 923 1477; x_wconf 83' lang='lat' dir='ltr'><strong>singulas.</strong></span> <span class='ocrx_word' id='word_1_63' title='bbox 934 1394 1032 1462; x_wconf 89' lang='lat' dir='ltr'><strong>melle</strong></span> <span class='ocrx_word' id='word_1_64' title='bbox 1049 1395 1134 1463; x_wconf 92' lang='lat' dir='ltr'><strong>colli·</strong></span> 
     </span>
     <span class='ocr_line' id='line_1_12' title="bbox 179 1481 1133 1565; baseline 0.005 -21"><span class='ocrx_word' id='word_1_65' title='bbox 179 1487 305 1563; x_wconf 82' lang='lat' dir='ltr'><strong>guntur,</strong></span> <span class='ocrx_word' id='word_1_66' title='bbox 331 1501 402 1547; x_wconf 91' lang='lat' dir='ltr'><strong>oum</strong></span> <span class='ocrx_word' id='word_1_67' title='bbox 422 1500 503 1565; x_wconf 86' lang='lat' dir='ltr'><strong>opus</strong></span> <span class='ocrx_word' id='word_1_68' title='bbox 522 1481 628 1565; x_wconf 88' lang='lat' dir='ltr'><strong>fuerit,</strong></span> <span class='ocrx_word' id='word_1_69' title='bbox 652 1482 813 1564; x_wconf 87' lang='lat' dir='ltr'><strong>liquamen</strong></span> <span class='ocrx_word' id='word_1_70' title='bbox 830 1489 862 1548; x_wconf 90' lang='lat' dir='ltr'><strong>et</strong></span> <span class='ocrx_word' id='word_1_71' title='bbox 877 1489 1006 1549; x_wconf 89' lang='lat' dir='ltr'><strong>acetum</strong></span> <span class='ocrx_word' id='word_1_72' title='bbox 1021 1483 1133 1552; x_wconf 73' lang='lat' dir='ltr'><strong>addes.</strong></span> 
     </span>
    </p>

    <p class='ocr_par' dir='ltr' id='par_1_4' title="bbox 178 1569 1135 1829">
     <span class='ocr_line' id='line_1_13' title="bbox 246 1569 1134 1653; baseline 0.003 -19"><span class='ocrx_word' id='word_1_73' title='bbox 246 1570 299 1635; x_wconf 82' lang='lat'><strong>36.</strong></span> <span class='ocrx_word' id='word_1_74' title='bbox 334 1569 555 1634; x_wconf 80' lang='lat' dir='ltr'><strong>Montania:</strong></span> <span class='ocrx_word' id='word_1_75' title='bbox 594 1578 744 1651; x_wconf 85' lang='lat' dir='ltr'><strong>mentam,</strong></span> <span class='ocrx_word' id='word_1_76' title='bbox 775 1577 888 1653; x_wconf 88' lang='lat' dir='ltr'><strong>rutam,</strong></span> <span class='ocrx_word' id='word_1_77' title='bbox 921 1572 1134 1653; x_wconf 83' lang='lat' dir='ltr'><strong>coriandrum,</strong></span> 
     </span>
     <span class='ocr_line' id='line_1_14' title="bbox 178 1656 1135 1744; baseline 0.006 -23"><span class='ocrx_word' id='word_1_78' title='bbox 178 1656 351 1724; x_wconf 82' lang='lat' dir='ltr'><strong>feniculum</strong></span> <span class='ocrx_word' id='word_1_79' title='bbox 382 1657 489 1722; x_wconf 90' lang='lat' dir='ltr'><strong>omnia</strong></span> <span class='ocrx_word' id='word_1_80' title='bbox 518 1657 642 1740; x_wconf 84' lang='lat' dir='ltr'><strong>viridia,</strong></span> <span class='ocrx_word' id='word_1_81' title='bbox 673 1659 844 1742; x_wconf 86' lang='lat' dir='ltr'><strong>ligisticum</strong></span> <span class='ocrx_word' id='word_1_82' title='bbox 867 1659 971 1744; x_wconf 87' lang='lat' dir='ltr'><strong>piper,</strong></span> <span class='ocrx_word' id='word_1_83' title='bbox 1000 1663 1076 1744; x_wconf 90' lang='lat' dir='ltr'><strong>mel,</strong></span> <span class='ocrx_word' id='word_1_84' title='bbox 1100 1662 1135 1727; x_wconf 93' lang='lat' dir='ltr'><strong>li·</strong></span> 
     </span>
     <span class='ocr_line' id='line_1_15' title="bbox 178 1744 894 1829; baseline 0.003 -18"><span class='ocrx_word' id='word_1_85' title='bbox 178 1764 326 1828; x_wconf 85' lang='lat' dir='ltr'><strong>quamen.</strong></span> <span class='ocrx_word' id='word_1_86' title='bbox 351 1751 379 1812; x_wconf 85' lang='lat' dir='ltr'><strong>sl</strong></span> <span class='ocrx_word' id='word_1_87' title='bbox 402 1765 483 1829; x_wconf 83' lang='lat' dir='ltr'><strong>opne</strong></span> <span class='ocrx_word' id='word_1_88' title='bbox 505 1744 610 1826; x_wconf 85' lang='lat' dir='ltr'><strong>luerit,</strong></span> <span class='ocrx_word' id='word_1_89' title='bbox 633 1754 758 1814; x_wconf 88' lang='lat' dir='ltr'><strong>acetum</strong></span> <span class='ocrx_word' id='word_1_90' title='bbox 782 1747 894 1813; x_wconf 79' lang='lat' dir='ltr'><strong>addes.</strong></span> 
     </span>
    </p>
   </div>
   <div class='ocr_carea' id='block_1_3' title="bbox 175 1957 1179 3691">
    <p class='ocr_par' dir='ltr' id='par_1_5' title="bbox 175 1957 1179 3691">
     <span class='ocr_line' id='line_1_16' title="bbox 231 1957 1136 2029; baseline 0.003 -18"><span class='ocrx_word' id='word_1_91' title='bbox 231 1957 269 2012; x_wconf 86' lang='lat' dir='ltr'><strong>ad</strong></span> <span class='ocrx_word' id='word_1_92' title='bbox 287 1957 330 2012; x_wconf 81' lang='lat'><strong>34.</strong></span> <span class='ocrx_word' id='word_1_93' title='bbox 369 1959 541 2013; x_wconf 85' lang='lat' dir='ltr'><strong>cariotum</strong></span> <span class='ocrx_word' id='word_1_94' title='bbox 578 1975 630 2015; x_wconf 83' lang='lat' dir='ltr'><strong>em.</strong></span> <span class='ocrx_word' id='word_1_95' title='bbox 685 1961 763 2009; x_wconf 72' lang='grc' dir='ltr'><em>σέσελι</em></span> <span class='ocrx_word' id='word_1_96' title='bbox 781 1957 899 2026; x_wconf 64' lang='lat' dir='ltr'><strong>pallando</strong></span> <span class='ocrx_word' id='word_1_97' title='bbox 923 1959 1063 2029; x_wconf 81' lang='lat' dir='ltr'><strong>Hippiatr.</strong></span> <span class='ocrx_word' id='word_1_98' title='bbox 1084 1958 1136 2024; x_wconf 79' lang='lat' dir='ltr'><strong>„eil</strong></span> 
     </span>
     <span class='ocr_line' id='line_1_17' title="bbox 176 2028 1135 2098; baseline 0.004 -16"><span class='ocrx_word' id='word_1_99' title='bbox 176 2044 229 2098; x_wconf 88' lang='lat' dir='ltr'><strong>pro</strong></span> <span class='ocrx_word' id='word_1_100' title='bbox 238 2028 570 2084; x_wconf 87' lang='lat' dir='ltr'><strong>librorumcariotam.</strong></span> <span class='ocrx_word' id='word_1_101' title='bbox 595 2029 630 2086; x_wconf 84' lang='lat' dir='ltr'><strong>cf.</strong></span> <span class='ocrx_word' id='word_1_102' title='bbox 684 2030 874 2085; x_wconf 71' lang='lat' dir='ltr'><strong>massiliense‘</strong></span> <span class='ocrx_word' id='word_1_103' title='bbox 911 2030 982 2085; x_wconf 91' lang='lat' dir='ltr'><strong>Plin.</strong></span> <span class='ocrx_word' id='word_1_104' title='bbox 1018 2032 1063 2092; x_wconf 80' lang='grc'><strong>70,</strong></span> <span class='ocrx_word' id='word_1_105' title='bbox 1092 2030 1135 2086; x_wconf 90' lang='grc'><strong>36.</strong></span> 
     </span>
     <span class='ocr_line' id='line_1_18' title="bbox 180 2100 1134 2165; baseline 0.002 -12"><span class='ocrx_word' id='word_1_106' title='bbox 180 2100 242 2154; x_wconf 80' lang='grc'><strong>377.</strong></span> <span class='ocrx_word' id='word_1_107' title='bbox 262 2100 323 2154; x_wconf 86' lang='grc'><strong>310.</strong></span> <span class='ocrx_word' id='word_1_108' title='bbox 343 2101 403 2154; x_wconf 83' lang='grc'><strong>385.</strong></span> <span class='ocrx_word' id='word_1_109' title='bbox 425 2106 468 2155; x_wconf 82' lang='lat' dir='ltr'><strong>est</strong></span> <span class='ocrx_word' id='word_1_110' title='bbox 486 2102 580 2157; x_wconf 89' lang='lat' dir='ltr'><strong>nobile</strong></span> <span class='ocrx_word' id='word_1_111' title='bbox 599 2102 631 2156; x_wconf 92' lang='lat' dir='ltr'><strong>il·</strong></span> <span class='ocrx_word' id='word_1_112' title='bbox 686 2101 938 2165; x_wconf 82' lang='lat' dir='ltr'><strong>‚‚maasalioticum“</strong></span> <span class='ocrx_word' id='word_1_113' title='bbox 962 2102 1084 2157; x_wconf 82' lang='lat' dir='ltr'><strong>llarcell.</strong></span> <span class='ocrx_word' id='word_1_114' title='bbox 1110 2104 1134 2157; x_wconf 91' lang='lat'><strong>1.</strong></span> 
     </span>
     <span class='ocr_line' id='line_1_19' title="bbox 179 2169 1137 2239; baseline 0.003 -14"><span class='ocrx_word' id='word_1_115' title='bbox 179 2169 229 2225; x_wconf 88' lang='lat' dir='ltr'><strong>lud</strong></span> <span class='ocrx_word' id='word_1_116' title='bbox 248 2171 341 2226; x_wconf 87' lang='lat' dir='ltr'><strong>vinum</strong></span> <span class='ocrx_word' id='word_1_117' title='bbox 360 2170 509 2239; x_wconf 83' lang='lat' dir='ltr'><strong>palmeum,</strong></span> <span class='ocrx_word' id='word_1_118' title='bbox 533 2189 567 2227; x_wconf 88' lang='lat' dir='ltr'><strong>ex</strong></span> <span class='ocrx_word' id='word_1_119' title='bbox 586 2188 631 2227; x_wconf 86' lang='lat' dir='ltr'><strong>ca·</strong></span> <span class='ocrx_word' id='word_1_120' title='bbox 684 2171 732 2228; x_wconf 84' lang='lat' dir='ltr'><strong>fol.</strong></span> <span class='ocrx_word' id='word_1_121' title='bbox 752 2173 795 2226; x_wconf 89' lang='lat'><strong>88.</strong></span> <span class='ocrx_word' id='word_1_122' title='bbox 815 2188 840 2226; x_wconf 86' lang='lat' dir='ltr'><strong>a.</strong></span> <span class='ocrx_word' id='word_1_123' title='bbox 860 2172 902 2227; x_wconf 85' lang='lat' dir='ltr'><strong>ed.</strong></span> <span class='ocrx_word' id='word_1_124' title='bbox 922 2172 990 2226; x_wconf 91' lang='lat' dir='ltr'><strong>Ald.</strong></span> <span class='ocrx_word' id='word_1_125' title='bbox 1011 2173 1046 2228; x_wconf 81' lang='lat' dir='ltr'><strong>sil</strong></span> <span class='ocrx_word' id='word_1_126' title='bbox 1059 2188 1137 2228; x_wconf 87' lang='lat' dir='ltr'><strong>mon·</strong></span> 
     </span>
     <span class='ocr_line' id='line_1_20' title="bbox 178 2240 1136 2314; baseline 0.002 -17"><span class='ocrx_word' id='word_1_127' title='bbox 178 2241 270 2314; x_wconf 82' lang='lat' dir='ltr'><strong>ryotia</strong></span> <span class='ocrx_word' id='word_1_128' title='bbox 286 2240 401 2311; x_wconf 78' lang='lat' dir='ltr'><strong>factum,</strong></span> <span class='ocrx_word' id='word_1_129' title='bbox 421 2244 497 2312; x_wconf 89' lang='lat' dir='ltr'><strong>quod</strong></span> <span class='ocrx_word' id='word_1_130' title='bbox 514 2244 576 2299; x_wconf 82' lang='lat' dir='ltr'><strong>dibu</strong></span> <span class='ocrx_word' id='word_1_131' title='bbox 590 2243 630 2298; x_wconf 89' lang='lat' dir='ltr'><strong>di·</strong></span> <span class='ocrx_word' id='word_1_132' title='bbox 683 2249 779 2298; x_wconf 87' lang='lat' dir='ltr'><strong>tanum</strong></span> <span class='ocrx_word' id='word_1_133' title='bbox 798 2241 870 2297; x_wconf 82' lang='lat' dir='ltr'><strong>infra</strong></span> <span class='ocrx_word' id='word_1_134' title='bbox 890 2244 931 2297; x_wconf 78' lang='grc'><strong>76.</strong></span> <span class='ocrx_word' id='word_1_135' title='bbox 951 2243 1037 2300; x_wconf 89' lang='lat' dir='ltr'><strong>hodie</strong></span> <span class='ocrx_word' id='word_1_136' title='bbox 1052 2244 1136 2300; x_wconf 78' lang='lat' dir='ltr'><strong>seneli</strong></span> 
     </span>
     <span class='ocr_line' id='line_1_21' title="bbox 179 2312 1136 2385; baseline 0.002 -17"><span class='ocrx_word' id='word_1_137' title='bbox 179 2318 253 2376; x_wconf 85' lang='lat' dir='ltr'><strong>cunt,</strong></span> <span class='ocrx_word' id='word_1_138' title='bbox 274 2312 459 2385; x_wconf 78' lang='lat' dir='ltr'><strong>dattelhonig.</strong></span> <span class='ocrx_word' id='word_1_139' title='bbox 488 2313 570 2369; x_wconf 86' lang='lat' dir='ltr'><strong>Hom.</strong></span> <span class='ocrx_word' id='word_1_140' title='bbox 585 2314 628 2370; x_wconf 87' lang='lat' dir='ltr'><strong>ed.</strong></span> <span class='ocrx_word' id='word_1_141' title='bbox 684 2319 850 2376; x_wconf 84' lang='lat' dir='ltr'><strong>tortuosum,</strong></span> <span class='ocrx_word' id='word_1_142' title='bbox 868 2313 1072 2383; x_wconf 80' lang='lat' dir='ltr'><strong>borgldlmmel.</strong></span> <span class='ocrx_word' id='word_1_143' title='bbox 1098 2315 1136 2370; x_wconf 84' lang='lat' dir='ltr'><strong>ad</strong></span> 
     </span>
     <span class='ocr_line' id='line_1_22' title="bbox 178 2383 1135 2450; baseline 0.001 -11"><span class='ocrx_word' id='word_1_144' title='bbox 178 2398 371 2439; x_wconf 84' lang='lat' dir='ltr'><strong>caroenum.</strong></span> <span class='ocrx_word' id='word_1_145' title='bbox 683 2384 814 2440; x_wconf 78' lang='lat' dir='ltr'><strong>Nostrum</strong></span> <span class='ocrx_word' id='word_1_146' title='bbox 840 2383 908 2440; x_wconf 86' lang='lat' dir='ltr'><strong>lacit</strong></span> <span class='ocrx_word' id='word_1_147' title='bbox 933 2383 1004 2440; x_wconf 90' lang='lat' dir='ltr'><strong>Plin.</strong></span> <span class='ocrx_word' id='word_1_148' title='bbox 1027 2386 1072 2450; x_wconf 73' lang='lat'><strong>20.</strong></span> <span class='ocrx_word' id='word_1_149' title='bbox 1091 2387 1135 2441; x_wconf 93' lang='grc'><strong>37.</strong></span> 
     </span>
     <span class='ocr_line' id='line_1_23' title="bbox 229 2455 1136 2520; baseline 0.003 -12"><span class='ocrx_word' id='word_1_150' title='bbox 229 2456 266 2509; x_wconf 84' lang='lat' dir='ltr'><strong>ad</strong></span> <span class='ocrx_word' id='word_1_151' title='bbox 291 2456 333 2509; x_wconf 84' lang='lat'><strong>35.</strong></span> <span class='ocrx_word' id='word_1_152' title='bbox 373 2455 629 2511; x_wconf 84' lang='lat' dir='ltr'><strong>detestabilem</strong></span> <span class='ocrx_word' id='word_1_153' title='bbox 684 2456 817 2520; x_wconf 86' lang='lat' dir='ltr'><strong>„multum</strong></span> <span class='ocrx_word' id='word_1_154' title='bbox 837 2456 863 2509; x_wconf 92' lang='lat' dir='ltr'><strong>in</strong></span> <span class='ocrx_word' id='word_1_155' title='bbox 877 2457 1136 2513; x_wconf 79' lang='lat' dir='ltr'><strong>cummocibocou·</strong></span> 
     </span>
     <span class='ocr_line' id='line_1_24' title="bbox 176 2524 1135 2597; baseline 0.003 -16"><span class='ocrx_word' id='word_1_156' title='bbox 176 2530 206 2582; x_wconf 82' lang='lat' dir='ltr'><strong>et</strong></span> <span class='ocrx_word' id='word_1_157' title='bbox 219 2524 385 2580; x_wconf 77' lang='lat' dir='ltr'><strong>detestib</strong></span> <span class='ocrx_word' id='word_1_158' title='bbox 394 2525 472 2581; x_wconf 91' lang='lat' dir='ltr'><strong>ilem</strong></span> <span class='ocrx_word' id='word_1_159' title='bbox 484 2527 511 2580; x_wconf 88' lang='lat' dir='ltr'><strong>in</strong></span> <span class='ocrx_word' id='word_1_160' title='bbox 522 2527 630 2597; x_wconf 87' lang='lat' dir='ltr'><strong>aliquot</strong></span> <span class='ocrx_word' id='word_1_161' title='bbox 684 2526 858 2582; x_wconf 77' lang='lat' dir='ltr'><strong>coctionibus</strong></span> <span class='ocrx_word' id='word_1_162' title='bbox 877 2525 987 2582; x_wconf 82' lang='lat' dir='ltr'><strong>confert</strong></span> <span class='ocrx_word' id='word_1_163' title='bbox 1004 2529 1051 2584; x_wconf 86' lang='lat' dir='ltr'><strong>vol</strong></span> <span class='ocrx_word' id='word_1_164' title='bbox 1065 2525 1135 2584; x_wconf 80' lang='lat' dir='ltr'><strong>solio</strong></span> 
     </span>
     <span class='ocr_line' id='line_1_25' title="bbox 178 2596 1136 2671; baseline 0 -18"><span class='ocrx_word' id='word_1_165' title='bbox 178 2596 259 2653; x_wconf 84' lang='lat' dir='ltr'><strong>codd.</strong></span> <span class='ocrx_word' id='word_1_166' title='bbox 274 2596 569 2665; x_wconf 74' lang='lat' dir='ltr'><strong>„aucusdigeetibilisu</strong></span> <span class='ocrx_word' id='word_1_167' title='bbox 584 2612 628 2666; x_wconf 86' lang='lat' dir='ltr'><strong>ap.</strong></span> <span class='ocrx_word' id='word_1_168' title='bbox 683 2598 728 2652; x_wconf 90' lang='lat' dir='ltr'><strong>vel</strong></span> <span class='ocrx_word' id='word_1_169' title='bbox 747 2598 877 2660; x_wconf 81' lang='lat' dir='ltr'><strong>semine“‚</strong></span> <span class='ocrx_word' id='word_1_170' title='bbox 897 2598 973 2668; x_wconf 88' lang='lat' dir='ltr'><strong>quod</strong></span> <span class='ocrx_word' id='word_1_171' title='bbox 990 2599 1136 2671; x_wconf 87' lang='lat' dir='ltr'><strong>tordylion</strong></span> 
     </span>
     <span class='ocr_line' id='line_1_26' title="bbox 178 2665 1134 2732; baseline 0.001 -9"><span class='ocrx_word' id='word_1_172' title='bbox 178 2667 254 2723; x_wconf 81' lang='lat' dir='ltr'><strong>(lael.</strong></span> <span class='ocrx_word' id='word_1_173' title='bbox 273 2667 343 2721; x_wconf 80' lang='lat' dir='ltr'><strong>Aur.</strong></span> <span class='ocrx_word' id='word_1_174' title='bbox 364 2665 458 2722; x_wconf 88' lang='lat' dir='ltr'><strong>chron.</strong></span> <span class='ocrx_word' id='word_1_175' title='bbox 479 2669 504 2729; x_wconf 85' lang='lat'><strong>1,</strong></span> <span class='ocrx_word' id='word_1_176' title='bbox 522 2667 547 2720; x_wconf 84' lang='lat'><strong>4.</strong></span> <span class='ocrx_word' id='word_1_177' title='bbox 572 2668 630 2732; x_wconf 71' lang='lat' dir='ltr'><strong>„dn</strong></span> <span class='ocrx_word' id='word_1_178' title='bbox 683 2675 802 2723; x_wconf 85' lang='lat' dir='ltr'><strong>vocatur</strong></span> <span class='ocrx_word' id='word_1_179' title='bbox 829 2668 873 2730; x_wconf 78' lang='grc'><strong>70,</strong></span> <span class='ocrx_word' id='word_1_180' title='bbox 909 2669 969 2723; x_wconf 74' lang='grc'><strong>138.</strong></span> <span class='ocrx_word' id='word_1_181' title='bbox 1000 2670 1044 2731; x_wconf 74' lang='lat'><strong>24.</strong></span> <span class='ocrx_word' id='word_1_182' title='bbox 1074 2670 1134 2724; x_wconf 91' lang='grc'><strong>177.</strong></span> 
     </span>
     <span class='ocr_line' id='line_1_27' title="bbox 176 2737 1136 2808; baseline 0.006 -17"><span class='ocrx_word' id='word_1_183' title='bbox 176 2739 331 2803; x_wconf 64' lang='lat' dir='ltr'><strong>nestorium</strong></span> <span class='ocrx_word' id='word_1_184' title='bbox 368 2737 540 2792; x_wconf 85' lang='lat' dir='ltr'><strong>embamma“</strong></span> <span class='ocrx_word' id='word_1_185' title='bbox 584 2754 627 2808; x_wconf 89' lang='lat' dir='ltr'><strong>ap.</strong></span> <span class='ocrx_word' id='word_1_186' title='bbox 682 2740 776 2794; x_wconf 80' lang='lat' dir='ltr'><strong>Dione.</strong></span> <span class='ocrx_word' id='word_1_187' title='bbox 788 2741 813 2801; x_wconf 88' lang='lat'><strong>3,</strong></span> <span class='ocrx_word' id='word_1_188' title='bbox 824 2740 866 2792; x_wconf 85' lang='grc'><strong>56.</strong></span> <span class='ocrx_word' id='word_1_189' title='bbox 887 2740 980 2794; x_wconf 88' lang='lat' dir='ltr'><strong>vinum</strong></span> <span class='ocrx_word' id='word_1_190' title='bbox 993 2740 1060 2796; x_wconf 88' lang='lat' dir='ltr'><strong>inde</strong></span> <span class='ocrx_word' id='word_1_191' title='bbox 1071 2756 1136 2796; x_wconf 88' lang='lat' dir='ltr'><strong>con·</strong></span> 
     </span>
     <span class='ocr_line' id='line_1_28' title="bbox 177 2807 1136 2879; baseline 0.005 -17"><span class='ocrx_word' id='word_1_192' title='bbox 177 2809 261 2863; x_wconf 79' lang='lat' dir='ltr'><strong>Marc.</strong></span> <span class='ocrx_word' id='word_1_193' title='bbox 281 2809 360 2876; x_wconf 89' lang='lat' dir='ltr'><strong>Emp.</strong></span> <span class='ocrx_word' id='word_1_194' title='bbox 381 2808 424 2862; x_wconf 73' lang='lat'><strong>20.</strong></span> <span class='ocrx_word' id='word_1_195' title='bbox 444 2807 545 2875; x_wconf 70' lang='grc' dir='ltr'><em>ἀγαθὸν</em></span> <span class='ocrx_word' id='word_1_196' title='bbox 564 2810 630 2877; x_wconf 76' lang='grc' dir='ltr'><strong>πρὸς</strong></span> <span class='ocrx_word' id='word_1_197' title='bbox 683 2810 771 2863; x_wconf 88' lang='lat' dir='ltr'><strong>ditum</strong></span> <span class='ocrx_word' id='word_1_198' title='bbox 801 2809 947 2872; x_wconf 76' lang='lat' dir='ltr'><strong>„silatum‘</strong></span> <span class='ocrx_word' id='word_1_199' title='bbox 976 2811 1058 2866; x_wconf 84' lang='lat' dir='ltr'><strong>audit</strong></span> <span class='ocrx_word' id='word_1_200' title='bbox 1088 2827 1136 2879; x_wconf 86' lang='lat' dir='ltr'><strong>ap.</strong></span> 
     </span>
     <span class='ocr_line' id='line_1_29' title="bbox 177 2877 1136 2948; baseline 0.009 -20"><span class='ocrx_word' id='word_1_201' title='bbox 177 2878 308 2946; x_wconf 70' lang='grc' dir='ltr'><strong>εὐπεψίαν</strong></span> <span class='ocrx_word' id='word_1_202' title='bbox 341 2877 445 2934; x_wconf 83' lang='lat' dir='ltr'><strong>Athen.</strong></span> <span class='ocrx_word' id='word_1_203' title='bbox 470 2881 496 2941; x_wconf 85' lang='grc'><strong>8,</strong></span> <span class='ocrx_word' id='word_1_204' title='bbox 521 2880 562 2933; x_wconf 82' lang='grc'><strong>56.</strong></span> <span class='ocrx_word' id='word_1_205' title='bbox 592 2881 629 2935; x_wconf 87' lang='lat' dir='ltr'><strong>ad</strong></span> <span class='ocrx_word' id='word_1_206' title='bbox 682 2881 759 2935; x_wconf 91' lang='lat' dir='ltr'><strong>Paul.</strong></span> <span class='ocrx_word' id='word_1_207' title='bbox 779 2881 854 2935; x_wconf 82' lang='lat' dir='ltr'><strong>Fest.</strong></span> <span class='ocrx_word' id='word_1_208' title='bbox 874 2896 900 2948; x_wconf 95' lang='lat' dir='ltr'><strong>p.</strong></span> <span class='ocrx_word' id='word_1_209' title='bbox 915 2881 975 2935; x_wconf 87' lang='grc'><strong>346.</strong></span> <span class='ocrx_word' id='word_1_210' title='bbox 986 2882 1048 2937; x_wconf 77' lang='grc'><strong>347.</strong></span> <span class='ocrx_word' id='word_1_211' title='bbox 1070 2882 1136 2938; x_wconf 87' lang='lat' dir='ltr'><strong>coll.</strong></span> 
     </span>
     <span class='ocr_line' id='line_1_30' title="bbox 176 2948 1136 3022; baseline 0.006 -19"><span class='ocrx_word' id='word_1_212' title='bbox 176 2949 237 3004; x_wconf 75' lang='lat'><strong>232.</strong></span> <span class='ocrx_word' id='word_1_213' title='bbox 266 2948 302 3004; x_wconf 85' lang='lat' dir='ltr'><strong>de</strong></span> <span class='ocrx_word' id='word_1_214' title='bbox 328 2965 430 3019; x_wconf 81' lang='lat' dir='ltr'><strong>genere</strong></span> <span class='ocrx_word' id='word_1_215' title='bbox 458 2951 493 3004; x_wconf 86' lang='lat' dir='ltr'><strong>ad</strong></span> <span class='ocrx_word' id='word_1_216' title='bbox 523 2950 565 3004; x_wconf 76' lang='grc'><strong>77.</strong></span> <span class='ocrx_word' id='word_1_217' title='bbox 595 2982 628 2989; x_wconf 96' lang='grc'>-</span> <span class='ocrx_word' id='word_1_218' title='bbox 682 2951 775 3006; x_wconf 81' lang='lat' dir='ltr'><strong>Dioac.</strong></span> <span class='ocrx_word' id='word_1_219' title='bbox 796 2951 821 3013; x_wconf 89' lang='grc'><strong>3,</strong></span> <span class='ocrx_word' id='word_1_220' title='bbox 840 2952 927 3005; x_wconf 77' lang='grc'><strong>53-</strong></span> <span class='ocrx_word' id='word_1_221' title='bbox 948 2952 1136 3022; x_wconf 84' lang='lat' dir='ltr'><strong>colligunt</strong></span> 
     </span>
     <span class='ocr_line' id='line_1_31' title="bbox 175 3019 1135 3091; baseline 0.004 -15"><span class='ocrx_word' id='word_1_222' title='bbox 175 3035 324 3076; x_wconf 76' lang='lat' dir='ltr'><strong>eemunc.</strong></span> <span class='ocrx_word' id='word_1_223' title='bbox 351 3025 380 3075; x_wconf 84' lang='lat' dir='ltr'><strong>et</strong></span> <span class='ocrx_word' id='word_1_224' title='bbox 404 3022 572 3076; x_wconf 79' lang='lat' dir='ltr'><strong>semiunc.</strong></span> <span class='ocrx_word' id='word_1_225' title='bbox 592 3019 629 3083; x_wconf 83' lang='lat' dir='ltr'><strong>let</strong></span> <span class='ocrx_word' id='word_1_226' title='bbox 682 3028 719 3076; x_wconf 87' lang='lat' dir='ltr'><strong>ut</strong></span> <span class='ocrx_word' id='word_1_227' title='bbox 750 3020 796 3077; x_wconf 81' lang='lat' dir='ltr'><strong>vel</strong></span> <span class='ocrx_word' id='word_1_228' title='bbox 825 3021 1011 3091; x_wconf 79' lang='lat' dir='ltr'><strong>colligunt</strong></span> <span class='ocrx_word' id='word_1_229' title='bbox 1037 3030 1073 3079; x_wconf 88' lang='lat' dir='ltr'><strong>et</strong></span> <span class='ocrx_word' id='word_1_230' title='bbox 1104 3025 1135 3080; x_wconf 88' lang='lat' dir='ltr'><strong>in</strong></span> 
     </span>
     <span class='ocr_line' id='line_1_32' title="bbox 175 3090 763 3154; baseline -0.009 -6"><span class='ocrx_word' id='word_1_231' title='bbox 175 3091 242 3154; x_wconf 66' lang='lat' dir='ltr'><strong>inst</strong></span> <span class='ocrx_word' id='word_1_232' title='bbox 267 3091 414 3146; x_wconf 81' lang='lat' dir='ltr'><strong>eimunc.</strong></span> <span class='ocrx_word' id='word_1_233' title='bbox 440 3093 557 3146; x_wconf 81' lang='lat' dir='ltr'><strong>variant.</strong></span> <span class='ocrx_word' id='word_1_234' title='bbox 583 3090 626 3146; x_wconf 88' lang='grc'><strong>46.</strong></span> <span class='ocrx_word' id='word_1_235' title='bbox 682 3092 763 3148; x_wconf 88' lang='lat' dir='ltr'><strong>codd.</strong></span> 
     </span>
     <span class='ocr_line' id='line_1_33' title="bbox 175 3160 1136 3226; baseline 0.006 -11"><span class='ocrx_word' id='word_1_236' title='bbox 175 3160 252 3215; x_wconf 86' lang='lat' dir='ltr'><strong>Iahn.</strong></span> <span class='ocrx_word' id='word_1_237' title='bbox 272 3160 336 3215; x_wconf 85' lang='lat' dir='ltr'><strong>Ver.</strong></span> <span class='ocrx_word' id='word_1_238' title='bbox 357 3163 434 3217; x_wconf 89' lang='lat' dir='ltr'><strong>Lect.</strong></span> <span class='ocrx_word' id='word_1_239' title='bbox 451 3163 488 3217; x_wconf 85' lang='lat' dir='ltr'><strong>ad</strong></span> <span class='ocrx_word' id='word_1_240' title='bbox 507 3163 582 3217; x_wconf 82' lang='lat' dir='ltr'><strong>Peru.</strong></span> <span class='ocrx_word' id='word_1_241' title='bbox 602 3163 628 3226; x_wconf 81' lang='lat'><strong>5,</strong></span> <span class='ocrx_word' id='word_1_242' title='bbox 734 3162 824 3217; x_wconf 73' lang='lat' dir='ltr'><strong>adeo.</strong></span> <span class='ocrx_word' id='word_1_243' title='bbox 843 3160 1136 3221; x_wconf 83' lang='lat' dir='ltr'><strong>llortariaetmo·</strong></span> 
     </span>
     <span class='ocr_line' id='line_1_34' title="bbox 177 3230 1135 3303; baseline 0.008 -19"><span class='ocrx_word' id='word_1_244' title='bbox 177 3232 237 3285; x_wconf 77' lang='lat'><strong>121.</strong></span> <span class='ocrx_word' id='word_1_245' title='bbox 275 3230 415 3287; x_wconf 84' lang='lat' dir='ltr'><strong>Hermann</strong></span> <span class='ocrx_word' id='word_1_246' title='bbox 446 3234 521 3288; x_wconf 89' lang='lat' dir='ltr'><strong>Lect.</strong></span> <span class='ocrx_word' id='word_1_247' title='bbox 550 3234 626 3287; x_wconf 82' lang='lat' dir='ltr'><strong>Pera.</strong></span> <span class='ocrx_word' id='word_1_248' title='bbox 681 3233 823 3288; x_wconf 84' lang='lat' dir='ltr'><strong>rotaria</strong></span> <span class='ocrx_word' id='word_1_249' title='bbox 842 3231 923 3286; x_wconf 87' lang='lat' dir='ltr'><strong>codd.</strong></span> <span class='ocrx_word' id='word_1_250' title='bbox 941 3234 1135 3303; x_wconf 78' lang='lat' dir='ltr'><strong>suppletouo·</strong></span> 
     </span>
     <span class='ocr_line' id='line_1_35' title="bbox 175 3301 1136 3372; baseline 0.005 -14"><span class='ocrx_word' id='word_1_251' title='bbox 175 3301 224 3358; x_wconf 90' lang='lat' dir='ltr'><strong>Ill.</strong></span> <span class='ocrx_word' id='word_1_252' title='bbox 243 3318 269 3372; x_wconf 92' lang='lat' dir='ltr'><strong>p.</strong></span> <span class='ocrx_word' id='word_1_253' title='bbox 290 3302 333 3357; x_wconf 72' lang='lat'><strong>25.</strong></span> <span class='ocrx_word' id='word_1_254' title='bbox 348 3332 380 3343; x_wconf 94' lang='lat'>-</span> <span class='ocrx_word' id='word_1_255' title='bbox 395 3301 540 3372; x_wconf 77' lang='lat' dir='ltr'><strong>procilli</strong></span> <span class='ocrx_word' id='word_1_256' title='bbox 557 3319 626 3358; x_wconf 86' lang='lat' dir='ltr'><strong>corr.</strong></span> <span class='ocrx_word' id='word_1_257' title='bbox 681 3304 753 3358; x_wconf 92' lang='lat' dir='ltr'><strong>mine</strong></span> <span class='ocrx_word' id='word_1_258' title='bbox 766 3303 979 3371; x_wconf 81' lang='lat' dir='ltr'><strong>‚,condimenta“</strong></span> <span class='ocrx_word' id='word_1_259' title='bbox 999 3312 1066 3360; x_wconf 81' lang='lat' dir='ltr'><strong>aunt</strong></span> <span class='ocrx_word' id='word_1_260' title='bbox 1089 3322 1136 3363; x_wconf 75' lang='lat' dir='ltr'><strong>rea</strong></span> 
     </span>
     <span class='ocr_line' id='line_1_36' title="bbox 176 3372 1135 3443; baseline 0.006 -15"><span class='ocrx_word' id='word_1_261' title='bbox 176 3372 248 3432; x_wconf 74' lang='lat' dir='ltr'><strong>sili.</strong></span> <span class='ocrx_word' id='word_1_262' title='bbox 267 3375 314 3422; x_wconf 73' lang='grc' dir='ltr'><em>σίλι</em></span> <span class='ocrx_word' id='word_1_263' title='bbox 337 3379 366 3428; x_wconf 85' lang='lat' dir='ltr'><strong>et</strong></span> <span class='ocrx_word' id='word_1_264' title='bbox 388 3376 466 3424; x_wconf 69' lang='grc' dir='ltr'><em>σέσελι</em></span> <span class='ocrx_word' id='word_1_265' title='bbox 484 3390 534 3429; x_wconf 79' lang='lat' dir='ltr'><strong>ceu</strong></span> <span class='ocrx_word' id='word_1_266' title='bbox 552 3377 626 3423; x_wconf 65' lang='grc' dir='ltr'><em>σέσσ-</em></span> <span class='ocrx_word' id='word_1_267' title='bbox 680 3374 861 3435; x_wconf 81' lang='lat' dir='ltr'><strong>neoeesariac,</strong></span> <span class='ocrx_word' id='word_1_268' title='bbox 876 3375 1010 3442; x_wconf 77' lang='lat' dir='ltr'><strong>imprimis</strong></span> <span class='ocrx_word' id='word_1_269' title='bbox 1019 3375 1135 3443; x_wconf 80' lang='lat' dir='ltr'><strong>herbae,</strong></span> 
     </span>
     <span class='ocr_line' id='line_1_37' title="bbox 176 3444 1177 3515; baseline 0.011 -23"><span class='ocrx_word' id='word_1_270' title='bbox 176 3444 535 3514; x_wconf 72' lang='lat' dir='ltr'><strong>tac‚‚‚aeaeliumgallicum·‘</strong></span> <span class='ocrx_word' id='word_1_271' title='bbox 555 3445 626 3498; x_wconf 93' lang='lat' dir='ltr'><strong>Plin.</strong></span> <span class='ocrx_word' id='word_1_272' title='bbox 681 3444 798 3514; x_wconf 88' lang='lat' dir='ltr'><strong>quaein</strong></span> <span class='ocrx_word' id='word_1_273' title='bbox 824 3446 956 3499; x_wconf 87' lang='lat' dir='ltr'><strong>mortario</strong></span> <span class='ocrx_word' id='word_1_274' title='bbox 976 3446 1136 3503; x_wconf 84' lang='lat' dir='ltr'><strong>tunduntur</strong></span> <span class='ocrx_word' id='word_1_275' title='bbox 1165 3492 1177 3515; x_wconf 78' lang='lat'><strong>,</strong></span> 
     </span>
     <span class='ocr_line' id='line_1_38' title="bbox 176 3512 1167 3584; baseline 0.008 -17"><span class='ocrx_word' id='word_1_276' title='bbox 176 3512 237 3567; x_wconf 81' lang='lat' dir='ltr'><strong>Vel.</strong></span> <span class='ocrx_word' id='word_1_277' title='bbox 271 3517 295 3579; x_wconf 85' lang='lat'><strong>1,</strong></span> <span class='ocrx_word' id='word_1_278' title='bbox 323 3514 365 3569; x_wconf 77' lang='lat'><strong>58.</strong></span> <span class='ocrx_word' id='word_1_279' title='bbox 396 3514 447 3576; x_wconf 77' lang='lat' dir='ltr'><strong>..cil</strong></span> <span class='ocrx_word' id='word_1_280' title='bbox 474 3514 626 3584; x_wconf 78' lang='lat' dir='ltr'><strong>gallicum‘</strong></span> <span class='ocrx_word' id='word_1_281' title='bbox 680 3521 710 3571; x_wconf 85' lang='lat' dir='ltr'><strong>et</strong></span> <span class='ocrx_word' id='word_1_282' title='bbox 734 3515 771 3570; x_wconf 87' lang='lat' dir='ltr'><strong>ad</strong></span> <span class='ocrx_word' id='word_1_283' title='bbox 797 3514 888 3569; x_wconf 85' lang='lat' dir='ltr'><strong>cibum</strong></span> <span class='ocrx_word' id='word_1_284' title='bbox 914 3515 991 3570; x_wconf 89' lang='lat' dir='ltr'><strong>illum</strong></span> <span class='ocrx_word' id='word_1_285' title='bbox 1019 3519 1065 3573; x_wconf 86' lang='lat' dir='ltr'><strong>cni</strong></span> <span class='ocrx_word' id='word_1_286' title='bbox 1083 3535 1134 3575; x_wconf 91' lang='lat' dir='ltr'><strong>no·</strong></span> <span class='ocrx_word' id='word_1_287' title='bbox 1162 3529 1167 3547; x_wconf 82' lang='lat'><em>¹</em></span> 
     </span>
     <span class='ocr_line' id='line_1_39' title="bbox 176 3582 1133 3656; baseline 0.01 -18"><span class='ocrx_word' id='word_1_288' title='bbox 176 3582 276 3656; x_wconf 76' lang='lat' dir='ltr'><strong>Veget.</strong></span> <span class='ocrx_word' id='word_1_289' title='bbox 294 3584 322 3648; x_wconf 80' lang='lat'><strong>5,</strong></span> <span class='ocrx_word' id='word_1_290' title='bbox 341 3586 386 3650; x_wconf 81' lang='lat'><strong>26,</strong></span> <span class='ocrx_word' id='word_1_291' title='bbox 403 3586 429 3640; x_wconf 86' lang='grc'><strong>3.</strong></span> <span class='ocrx_word' id='word_1_292' title='bbox 448 3585 476 3651; x_wconf 82' lang='grc'><strong>5,</strong></span> <span class='ocrx_word' id='word_1_293' title='bbox 494 3587 537 3651; x_wconf 85' lang='grc'><strong>39,</strong></span> <span class='ocrx_word' id='word_1_294' title='bbox 558 3587 581 3640; x_wconf 87' lang='grc'><strong>1.</strong></span> <span class='ocrx_word' id='word_1_295' title='bbox 601 3586 625 3641; x_wconf 91' lang='grc'><strong>6.</strong></span> <span class='ocrx_word' id='word_1_296' title='bbox 680 3600 743 3642; x_wconf 84' lang='lat' dir='ltr'><strong>men</strong></span> <span class='ocrx_word' id='word_1_297' title='bbox 779 3591 917 3643; x_wconf 86' lang='lat' dir='ltr'><strong>moretum</strong></span> <span class='ocrx_word' id='word_1_298' title='bbox 953 3585 1133 3648; x_wconf 75' lang='lat' dir='ltr'><strong>adhibentna</strong></span> 
     </span>
     <span class='ocr_line' id='line_1_40' title="bbox 1166 3662 1179 3691; baseline 0 0"><span class='ocrx_word' id='word_1_299' title='bbox 1166 3662 1179 3691; x_wconf 65' lang='lat'>9</span> 
     </span>
    </p>
   </div>
   <div class='ocr_carea' id='block_1_4' title="bbox 0 0 1186 4178">
    <p class='ocr_par' dir='ltr' id='par_1_6' title="bbox 0 0 1186 4178">
     <span class='ocr_line' id='line_1_41' title="bbox 0 0 1186 4178; baseline 0 0"><span class='ocrx_word' id='word_1_300' title='bbox 0 0 1186 4178; x_wconf 95' lang='lat' dir='ltr'><strong> </strong></span> 
     </span>
    </p>
   </div>
  </div>
 </body>
</html>
