2362 4178
160 415 183 476 4
559 387 732 464 macram?

161 589 310 634 romanus
331 570 387 633 illc
410 570 581 634 Maecenas
606 568 749 647 consilio,
780 567 908 648 divitiis,
940 588 1040 650 opera
1068 567 1115 632 fa·

161 678 258 740 vebat
280 676 327 739 sui
351 674 449 739 seculi
472 675 605 738 literatis
628 675 724 753 uiris,¹
737 674 783 737 ita
809 680 841 738 et
863 675 913 736 Tu
936 680 1046 738 noster
1068 672 1115 738 fa·

162 781 218 860 eis,
243 780 502 862 quandoquidem
519 779 631 845 doctos
652 781 767 844 doctus
783 779 854 862 ipse
869 781 960 844 iuvas
976 800 1116 863 semper,

162 893 333 966 sustentas,
365 887 434 965 alis,
466 886 526 950 das
556 906 697 967 munera,
730 885 850 968 prodes
882 886 1029 950 omnibus
1053 894 1116 951 stn-

163 992 271 1056 diosis.
303 1012 364 1056 nee
393 1011 489 1075 porro
525 992 646 1071 dubito,
689 992 765 1073 quin
795 1012 878 1056 nune
907 1011 1033 1073 quoque
1066 994 1119 1058 vel

163 1098 301 1162 maxime
326 1096 429 1162 eidem
453 1098 574 1179 ingenii
599 1097 662 1162 mei
686 1097 788 1163 foetui
811 1098 843 1161 in
866 1098 1026 1181 publicum
1045 1119 1118 1181 pro-

164 1203 274 1269 deunti
298 1203 414 1268 adesse
439 1203 528 1284 velis,
552 1224 615 1285 quo
639 1205 735 1267 tutior
752 1204 834 1269 inter
852 1203 1043 1267 indiciorum
1062 1225 1118 1287 pe-

163 1311 264 1376 ricula
294 1309 438 1374 versetur
468 1317 565 1391 atque
594 1310 758 1375 honestior
781 1310 851 1375 Tuo
875 1309 1014 1390 nomine,
1048 1311 1119 1374 Tuo

163 1416 349 1502 patrocinio.
375 1416 494 1499 optimo
518 1416 586 1481 iure
609 1416 733 1498 riteque
756 1416 870 1500 Apicio
890 1415 1040 1500 Apicium
1063 1416 1120 1482 de·

164 1522 336 1589 dicandum
357 1522 536 1588 existimavi
557 1543 626 1588 eum
645 1529 678 1587 ut
694 1522 929 1588 observantiam
946 1524 1118 1605 probarem

163 1636 377 1710 testatamquc
399 1629 550 1709 lacerem,
575 1635 640 1693 tum
661 1628 747 1711 quod
763 1630 812 1694 Te
829 1649 900 1695 eum
916 1629 1027 1712 primis
1042 1629 1119 1695 ista-

163 1755 234 1801 rum
255 1755 360 1801 rerum
383 1735 566 1816 cognitione
590 1736 672 1819 oapi,
696 1736 757 1800 isto
777 1736 976 1817 antiquitatis
996 1755 1121 1817 genere

163 1842 266 1908 teneri
289 1842 450 1922 otiumque
473 1842 636 1907 oblectare
658 1849 864 1924 perspectum
886 1841 1054 1922 haberem,
1087 1851 1122 1906 ut

165 1949 219 2030 qui
242 1968 403 2029 nunquam
432 1967 496 2011 non
525 1948 650 2014 lectites
673 1947 807 2030 dignum
835 1948 921 2030 quod
943 1948 977 2012 in
1000 1969 1121 2014 memo·

165 2056 233 2120 riae
255 2054 399 2120 alveolos
422 2054 655 2137 compingatur,
684 2075 813 2138 semper
837 2054 978 2120 eruditas
1002 2054 1120 2121 disser-

164 2162 304 2227 tationes
327 2167 359 2224 et
382 2160 542 2240 colloquia
563 2160 711 2240 misceas,
742 2167 776 2224 ut
798 2181 859 2226 neo
881 2181 994 2226 mensa
1016 2161 1122 2228 doctis

167 2266 377 2332 condimentis
408 2270 517 2332 careat
548 2267 665 2347 vixque
695 2266 856 2332 dilabatur
879 2267 949 2333 sine
972 2268 1121 2334 lectionis

164 2373 268 2439 fructu
299 2372 386 2454 quod
408 2372 509 2436 saeris
532 2372 724 2455 impenditur
746 2384 882 2456 tempus,
913 2374 977 2438 imo
1002 2375 1122 2456 ubique

165 2478 313 2560 genuinis
336 2478 401 2542 suis
424 2479 562 2542 animum
588 2479 727 2544 exsaties
751 2479 876 2562 opibus,
909 2479 955 2543 ita
985 2487 1020 2543 ut
1042 2480 1121 2544 nihil

164 2604 296 2670 prorsus
319 2585 391 2649 Tibi
423 2604 495 2649 oum
519 2585 616 2665 vulgo
640 2584 772 2649 divitum
795 2585 1007 2666 indoctorum,
1040 2606 1121 2668 quos

163 2697 253 2757 recte
277 2691 352 2754 olim
375 2689 539 2770 Diogenes
563 2710 661 2755 aureo
685 2698 817 2757 onustas
836 2693 956 2758 vellere
975 2692 1121 2776 pecudes

164 2797 337 2879 vocitabat,
362 2816 531 2861 eommune
554 2817 626 2862 esse
649 2798 791 2880 patiaris.

232 2903 359 2968 Utinam
391 2902 467 2966 mihi
497 2903 586 2968 cuius
615 2922 679 2968 non
710 2911 761 2969 est
787 2905 819 2970 in
843 2912 1050 2971 transennam
1073 2907 1121 2970 in·

165 3007 295 3086 dooere,
318 3029 408 3073 rosas
432 3015 464 3074 et
487 3009 608 3090 tragice
631 3010 728 3091 loqui,
753 3009 869 3077 sarcire
893 3019 1058 3094 centones,
1082 3033 1121 3078 os

164 3117 325 3181 sublinere
348 3136 408 3198 par
431 3121 517 3180 esset
539 3115 704 3196 ingenium
724 3117 872 3182 laudibus
895 3119 973 3182 Tuis
988 3119 1041 3184 vel
1057 3120 1120 3184 sal-

163 3229 228 3287 tem
253 3229 286 3285 ut
302 3221 467 3304 cupiditati
483 3241 576 3286 meae
592 3221 823 3304 satisfacerem,
848 3242 1040 3305 quamquam
1061 3246 1121 3290 sua

163 3328 235 3394 luce
259 3328 426 3393 clarissimi
450 3328 510 3391 viri
532 3328 646 3392 alienis
668 3328 817 3410 igniculis
847 3330 950 3394 minus
974 3330 1122 3413 indigent

165 3442 198 3501 et
228 3436 336 3501 lumen
366 3435 426 3499 soli
454 3440 600 3500 mutuare
631 3435 783 3518 ineptum.
814 3457 923 3503 verum
952 3438 1121 3503 verissima

163 3542 269 3610 fronte
299 3544 415 3624 dicam,
443 3543 586 3607 veritatis
616 3542 719 3608 oratio
748 3544 897 3628 simplex,
934 3565 974 3611 ex
1005 3544 1122 3612 schola
