2362 4178
470 403 620 464 Praefatio.
976 409 1017 476 21

10 639 12 643 .
79 554 189 648 tergum
222 565 307 631 dedi.
339 571 373 630 ut
403 566 537 649 primum
562 587 675 634 carnes
698 567 866 650 affuerunt,
896 570 1019 636 taricho

81 683 133 737 non
155 678 323 738 contentus
351 671 397 737 fui
427 679 459 738 et
490 693 562 738 cum
592 679 721 761 praesto
754 681 840 741 esset
861 675 923 757 via,
954 696 1020 743 non

79 779 290 860 requirendam
312 778 457 844 semitam
483 780 601 862 putavi.

132 886 216 950 Dum
239 886 320 951 alter
344 885 502 969 Sisyphus
522 885 635 950 molior
652 893 683 952 et
698 888 831 953 naenias
847 889 920 954 Tibi
937 883 1018 956 cano

10 984 12 1028 ἶ
72 990 153 1073 quod
176 991 282 1058 adhuc
305 992 348 1056 ad
371 991 506 1056 fractam
530 992 571 1056 sit
593 993 773 1058 canendum
805 1001 836 1059 et
863 977 924 1061 nisi
947 997 1020 1063 aliis

68 1099 153 1164 libris
184 1098 311 1163 adiutus
343 1118 477 1185 pensum
507 1098 675 1188 absolvere
698 1120 762 1165 non
785 1101 957 1184 confidam,
986 1103 1020 1168 in

63 1204 215 1288 frigidum
246 1204 372 1270 furnum
403 1225 467 1269 non
497 1205 611 1270 immisi
642 1226 744 1289 panes
775 1213 808 1273 et
831 1213 941 1272 contra
965 1229 1019 1274 ex-

61 1312 295 1397 spectationem
321 1317 450 1378 beatum
482 1332 532 1377 roe
563 1311 730 1378 reddidisti
754 1333 865 1396 parum
890 1315 1020 1396 cognita

60 1419 117 1484 illa
141 1425 296 1506 excerpta
319 1418 469 1502 apiciana
492 1421 652 1503 praebens
669 1438 751 1503 quae
767 1439 825 1506 per
848 1420 951 1487 virum
973 1422 1020 1488 rei

60 1527 200 1611 peritum
216 1525 347 1593 Parisiis
362 1527 501 1593 describi
514 1526 628 1592 fecisti.
647 1526 674 1590 si
691 1545 836 1591 nummos
856 1526 1019 1610 haberem,

61 1653 196 1699 aureum
219 1635 266 1700 Te
289 1654 454 1718 ponerem,
478 1639 513 1698 at
534 1633 612 1698 nihil
635 1633 739 1698 habeo
763 1632 825 1698 nisi
847 1635 946 1699 verba
960 1655 1019 1718 pro
1114 1619 1119 1640 ¹

60 1740 176 1811 farina
203 1740 330 1821 gaudeo
361 1739 492 1806 mirifice
523 1739 608 1824 quod
638 1738 714 1804 data
739 1747 787 1804 est
809 1740 901 1805 nobis
926 1761 1018 1806 occa-

61 1847 221 1928 siuncula,
244 1853 279 1910 ut
301 1845 343 1912 de
367 1847 586 1913 communibus
609 1846 722 1912 studiis
745 1846 866 1929 aliquid
889 1868 947 1931 per
969 1847 1018 1913 lit·

61 1960 150 2018 teras
175 1953 403 2036 colloquamur,
427 1954 474 2019 sic
498 1954 583 2019 enim
606 1952 675 2019 sore
699 1972 794 2039 spero
818 1959 852 2017 ut
874 1974 963 2018 amor
985 1953 1019 2018 in

63 2059 244 2125 doctrinam
268 2060 370 2122 Tuam
393 2079 482 2124 meus
511 2059 683 2124 amicitiam
705 2059 786 2124 inter
808 2080 868 2128 nos
892 2059 1025 2150 conflet.

60 2166 94 2230 id
120 2166 284 2248 singulare
315 2173 347 2230 et
374 2185 449 2231 vere
478 2165 603 2230 unicum
628 2167 815 2248 opusculum
837 2167 1017 2232 inscribitur

58 2272 189 2356 Apici
220 2278 423 2355 excerpta
453 2293 473 2336 a
501 2272 723 2338 Vinidario
754 2273 844 2336 viro
868 2263 1016 2336 intit'u-

61 2380 153 2444 lato
178 2378 225 2464 (in
250 2379 321 2444 cod.
346 2378 408 2442 vir
430 2377 551 2465 intui)
584 2385 615 2444 et
643 2378 800 2464 particula
823 2383 871 2443 est
894 2378 1016 2444 codicis

63 2485 259 2550 Salmasiani
279 2484 374 2571 (Ribl.
392 2485 492 2554 Paris.
510 2485 674 2568 Supplem.
691 2485 760 2548 Lat.
778 2483 869 2570 685.)
890 2486 1030 2571 septimi.

61 2591 164 2658 ferme
187 2591 297 2674 seculi,
322 2591 508 2657 charactere
530 2590 754 2671 vetustissimo,
786 2591 884 2656 literis
908 2591 1015 2657 uncia-

60 2697 144 2763 libus
169 2697 321 2780 descripti
346 2697 403 2782 (de
427 2718 465 2763 eo
490 2697 567 2762 satis
591 2698 671 2762 dixit
695 2698 788 2780 Sillig
809 2697 948 2763 Praesat.
972 2697 1016 2764 ad

58 2804 142 2869 Plin.
167 2803 231 2868 rol.
248 2804 286 2867 V.
309 2823 341 2887 p.
358 2802 598 2890 Xv-XXII.).
646 2804 822 2868 Salmasius
852 2803 885 2868 in
915 2805 1015 2870 111111-
1045 2812 1047 2826 “

62 2909 267 2975 citationibus
295 2909 449 2973 Plinianis
481 2931 520 2975 ea
551 2916 704 2992 excerpta
727 2915 860 2992 usurpat
888 2931 920 2993 p.
941 2912 1013 2976 161.

59 3016 136 3081 255.
161 3015 237 3079 256,
262 3014 336 3078 261.
362 3017 438 3080 358.
462 3016 537 3081 425.
563 3016 637 3080 720.
659 3017 826 3081 1411150.
845 3016 1013 3100 753823.

57 3123 134 3186 900.
160 3121 236 3186 edit.
261 3122 349 3205 Traj.
374 3122 417 3186 ad
440 3122 617 3208 Lampridii
635 3123 726 3188 Alex.
749 3122 822 3187 Ser.
842 3123 894 3187 37.
920 3121 1013 3204 Capi-

54 3229 111 3292 tol.
134 3230 209 3292 Ant.
233 3228 280 3292 Pi.
306 3229 336 3292 9.
362 3227 485 3292 titulum
508 3228 659 3310 sequitur.

126 3334 203 3418 „De
227 3333 357 3399 siccis
380 3333 466 3398 hoc.
502 3335 631 3399 Lasaris
654 3334 789 3399 radices.
813 3340 929 3399 menta.
955 3354 1009 3399 ne-

53 3447 164 3524 „peta
190 3440 301 3504 salvia.
327 3459 513 3523 cuppressu.
539 3440 683 3522 origano.
709 3441 904 3523 nyniperum.
930 3459 1013 3523 cepa

52 3547 231 3634 „gentima
249 3552 346 3614 bacas
362 3547 470 3613 timmi.
490 3546 702 3628 coriandrum.
727 3547 855 3629 piretro.
881 3545 981 3613 citrif
1000 3584 1011 3595 ·
1059 3584 1093 3640 f-
