2362 4178
118 308 197 436 102*

115 527 156 594 lis
177 527 212 593 in
235 529 408 594 caccabum
432 547 531 614 supra
554 527 714 594 cerebella
734 531 768 593 cl
780 525 922 610 pulpam
946 523 1001 588 nbi
1016 543 1062 588 sa·

115 616 156 681 tis
179 616 282 697 fuerit,
308 637 379 682 cum
401 617 471 682 iure
493 617 618 683 misces.
644 637 685 682 ex
708 615 769 681 hoc
780 613 934 699 paulatim
951 613 1062 678 alicam

116 705 258 771 condies.
284 704 343 771 sed
365 705 414 770 ius
436 712 471 769 ut
494 705 585 787 quasi
608 725 703 790 sucus
727 703 881 770 videatur.

186 795 256 858 186.
281 795 428 858 Pultes
451 793 640 859 iulianae
664 793 711 858 sic
732 797 926 873 coquantur:
951 791 1063 856 alicam

114 887 285 967 purgatam
315 881 466 961 infundis,
497 902 626 962 coques.
651 880 751 947 facies
776 887 809 944 ut
834 880 970 945 ferveat.
994 899 1063 945 cum

114 969 275 1050 fermerii,
294 972 397 1036 oleum
414 971 519 1036 mittis.
539 991 608 1035 cum
625 969 821 1056 spissaven't,
843 969 914 1035 lias.
935 968 1063 1033 Adicies

114 1058 275 1124 cerebella
307 1059 369 1123 duo
402 1066 493 1125 cocta
524 1065 556 1124 et
585 1058 735 1124 selibram
764 1058 884 1141 pulpae
908 1057 1000 1139 quasi
1022 1056 1064 1120 ad

112 1146 205 1211 isicia
227 1146 352 1229 friataq
386 1168 457 1212 cum
482 1147 648 1212 cerebellis
672 1151 757 1212 teres
782 1153 813 1210 et
834 1146 868 1209 in
892 1147 1063 1211 caccabum

113 1235 228 1300 mittes.
253 1241 338 1302 teres
362 1236 464 1322 piper,
487 1235 669 1317 ligisficum,
693 1235 823 1301 feniculi
848 1253 970 1313 semen,
1002 1233 1063 1298 suf-

112 1321 220 1388 fundis
243 1324 404 1405 liquamen
429 1330 461 1390 et
483 1325 590 1388 vinnm
613 1323 739 1388 modice
764 1328 796 1387 el
818 1323 915 1386 mittis
937 1323 971 1386 iu
994 1343 1064 1388 cac-

113 1414 228 1476 cabum
251 1431 348 1499 supra
371 1413 531 1479 cerebella
555 1419 587 1478 et
608 1413 750 1496 pulpam.
782 1411 836 1477 nbi
859 1411 938 1476 satis
960 1410 1064 1490 fuerit,

113 1519 185 1567 cum
208 1500 277 1565 iure
299 1503 424 1568 misces.
451 1522 493 1566 cx
514 1500 576 1566 hoc
599 1500 754 1584 paulatim
782 1501 898 1566 alicam
922 1499 1063 1564 condies.

112 1587 170 1653 sed
202 1587 245 1654 ad
273 1590 400 1654 trullam
428 1589 603 1674 permisces
635 1595 667 1654 et
695 1588 757 1655 lias
785 1595 819 1653 ut
851 1589 942 1670 quasi
972 1608 1065 1655 sucus

102 1676 268 1743 uideatur.

181 1767 253 1830 187.
284 1766 430 1830 Pullos
453 1765 544 1830 inre
567 1765 773 1847 oenogari
796 1765 926 1830 cocti:
960 1765 1065 1847 pultes

112 1853 266 1935 oenogari
291 1856 374 1920 bene
397 1855 480 1919 cocti
495 1854 563 1920 iure
580 1853 712 1920 condies
730 1851 903 1940 [copadial.
929 1852 1065 1918 similam

111 1941 180 2005 sive
211 1941 327 2005 alicam
359 1947 483 2006 coctam
514 1941 575 2007 hoc
597 1943 666 2006 iure
690 1941 831 2006 condies.
862 1949 989 2006 etcum
1014 1961 1065 2006 co·

110 2028 215 2114 padiis
228 2029 369 2114 porcinis
382 2030 519 2114 apponis
543 2031 698 2113 oenogari
722 2031 805 2097 cocti
827 2030 897 2095 iure
917 2030 1064 2097 conditis.

441 364 501 424 nro.
519 366 555 424 v.
592 365 719 439 capreos

617 2190 659 2242 13.
688 2188 725 2241 ad
752 2202 862 2242 manum
890 2189 1004 2249 saltare,
1029 2188 1066 2242 ad

616 2260 700 2314 tibias
733 2274 841 2321 canere,
875 2260 913 2314 ad
947 2259 1066 2328 digitum

616 2345 750 2397 pugnare,
776 2329 917 2384 Drakenb.
943 2331 981 2384 ad
1006 2331 1065 2384 Liv.

617 2401 677 2462 7,·Ᾱ,
689 2401 730 2453 10.
754 2402 794 2453 Sic
804 2400 961 2463 πρᾶςαίὶὸν
980 2405 1065 2466 φθέγ-

111 2201 191 2256 quas,
217 2186 324 2255 eliquas
348 2188 407 2241 179.
429 2217 458 2224 —-
487 2187 562 2241 adi-

111 2259 183 2312 cies
203 2259 231 2311 in
249 2259 419 2312 mortarium.
431 2289 462 2295 —
480 2256 562 2312 fria-

110 2335 170 2383 tae
195 2345 264 2383 corr.
290 2346 324 2383 ex
348 2329 390 2382 38.
410 2319 468 2396 'pro
493 2328 561 2382 lia·

110 2406 179 2454 tae.
201 2429 232 2435 —
253 2416 325 2452 cum
344 2400 423 2454 iure
443 2417 477 2454 cx
494 2400 561 2461 iure,

112 2471 194 2531 iuste,
213 2470 249 2522 ad
269 2471 310 2522 54.

164 2539 202 2594 ad
224 2540 281 2592 186.
312 2538 347 2592 cf.
366 2540 404 2593 ad
424 2540 483 2594 185-
511 2555 561 2595 eae

101 2611 203 2679 pultes
220 2626 278 2664 non
300 2609 444 2663 habebunt
461 2626 562 2665 nomen

615 2476 704 2538 γεσθαι
732 2478 761 2524 et
794 2471 870 2537 αὖλῷ,
906 2472 992 2525 trulla
1024 2480 1067 2525 ent

615 2540 764 2596 riihrlrelle.
803 2541 904 2609 Τορύνη
922 2543 997 2596 unde
1016 2561 1066 2591 το-

616 2611 727 2680 ρυνητὸν
746 2618 809 2666 trna
827 2613 975 2668 subactum
987 2619 1017 2667 et
1029 2614 1067 2666 lc-

110 2681 246 2735 aluliauo
257 2680 385 2742 Caesare,
403 2680 432 2732 in
445 2694 479 2733 eo
489 2682 561 2734 enim

91 2752 235 2817 ¹ciborum
259 2750 456 2816 parsimoniam
482 2765 561 2817 prae·

110 2821 188 2874 dicat
196 2820 362 2873 Ammianus
380 2820 462 2874 Marc.
481 2823 561 2883 21‚9‚

110 2893 135 2944 2.
156 2890 294 2957 spartian.
315 2890 378 2944 Did.
398 2890 448 2943 Inl.
465 2892 490 2943 3.
510 2891 562 2946 ned

109 2962 145 3015 ab
171 2960 220 3015 illo
246 2962 340 3014 nescio
366 2977 421 3029 qno
444 2963 489 3015 cui
514 2962 561 3016 de-

109 3033 207 3087 bemus
224 3035 297 3098 γένος
315 3031 482 3081 πλακούντων
498 3035 558 3082 ἰον-

109 3102 197 3153 λιανὺν
230 3118 275 3168 ap.
310 3102 413 3156 Athen.
446 3104 487 3164 14,
516 3104 559 3156 57.

109 3174 176 3228 olim
194 3172 280 3226 malni
298 3173 463 3227 inrianae
487 3175 561 3228 iurn-

109 3244 211 3304 leutae.
229 3244 288 3297 iure
307 3245 445 3297 conditae.
472 3275 505 3283 -
525 3252 561 3298 et

108 3316 153 3368 ad
178 3320 223 3367 tr.
250 3313 331 3397 codd
358 3315 399 3368 sic
425 3315 477 3377 „ad
496 3330 560 3368 cau-

108 3401 172 3510 ddlmd
197 3385 395 3517 ffietpffiergd
416 3385 559 3509 idtssrunldiuo

108 3527 152 3582 los
170 3527 266 3582 ludere
277 3541 321 3594 ap.
334 3526 447 3596 l'opiso.
467 3524 557 3581 l’rocl.

614 2683 739 2751 rigatum
758 2684 818 2736 375.
937 2718 940 2722 ι

668 2753 705 2805 ad
725 2754 784 2806 187.
804 2754 846 2808 sic
864 2754 946 2806 Hum.
966 2769 1001 2807 ex
1022 2754 1066 2808 ed.

614 2839 656 2891 pr.
681 2823 792 2877 codices
818 2840 867 2877 sex
893 2830 992 2878 contm
1010 2841 1067 2878 non

614 2893 719 2947 habent
744 2894 863 2948 alterum
896 2897 1065 2963 ,οιειιοςειῐίκ

615 2970 644 3018 et
669 2964 731 3017 cod.
757 2970 783 3026 β.
807 2982 840 3032 p.
870 2965 950 3019 iure
978 2983 1067 3020 oeno

615 3035 719 3088 cocti.
749 3051 780 3101 p.
807 3037 899 3090 beno
926 3037 1067 3096 coccii.

614 3120 785 3172 oenogarum
818 3112 928 3160 coctum
954 3123 1067 3174 compa-

614 3174 730 3228 randum
750 3192 810 3229 cnm
830 3178 895 3231 vino
907 3185 990 3231 cocto
1005 3180 1065 3231 147.

615 3275 647 3282 -
674 3260 729 3313 ap.
763 3247 942 3316 oenogari
967 3249 1067 3302 cocti

613 3313 694 3369 Hum.
716 3318 836 3371 correxit
854 3318 1068 3386 provitiosaex

614 3387 779 3453 compendio
799 3394 863 3442 orta
875 3389 997 3444 lectione
1016 3405 1066 3458 ap.

613 3461 820 3581 cpnococti
840 3459 1066 3530 dccopadiisad

613 3544 708 3580 0,-
