2362 4178
172 393 212 457 16
572 386 723 444 Praefatio.

172 554 245 636 „tio
261 587 302 597 —
326 549 453 613 tulimus
475 548 559 614 hunc
582 548 748 613 nobiscum
772 549 812 613 ob
836 546 1057 613 venerandam
1072 569 1129 614 ve-

173 662 340 743 „tustutem
362 675 421 738 pro
445 674 610 738 opsopoeo
633 654 667 718 in
697 653 902 720 Germaniam
931 661 996 718 tam
1019 654 1129 738 prodi-

174 764 285 851 „giose
309 768 499 846 corruptum,
531 766 565 825 ut
588 761 693 825 omniu
716 760 895 826 instaurare
923 760 993 826 sine
1017 781 1128 827 ernen-

173 870 317 956 „datiore
341 867 453 934 codice
468 887 533 932 non
546 866 628 932 foret
650 866 778 931 humani
805 866 937 949 ingenii.
962 886 1126 951 quaprop-

174 983 242 1061 „tcr
265 981 297 1041 et
312 973 520 1059 premendum
535 974 633 1056 plane
649 975 830 1055 censebam,
856 972 960 1039 donec
984 974 1128 1039 melioris

175 1081 328 1168 „alicuius
352 1079 545 1163 exemplaris
567 1079 659 1145 fieret
681 1079 786 1162 copia,
819 1079 905 1161 quod
932 1099 1128 1162 acceperam

175 1209 268 1275 ,esso
281 1187 374 1253 annis
390 1185 506 1253 abhinc
526 1188 598 1270 plus
613 1188 717 1253 minus
734 1188 965 1270 quinquaginta
983 1186 1128 1253 Venetiis

175 1314 392 1383 „expressum
416 1313 530 1359 moveo
553 1293 661 1376 itaque
685 1294 981 1380 omnemlapidem
1009 1291 1128 1359 frustra

176 1401 353 1489 „triplicem
364 1399 569 1483 trieteridem,
586 1421 648 1482 quo
663 1401 795 1467 tandem
805 1409 950 1486 tempore
966 1401 1023 1488 (Is.
1042 1401 1127 1466 Hon-

177 1513 283 1595 „terus
296 1506 502 1593 coronensis)
520 1528 560 1573 ex
576 1507 817 1573 Transsilvenia
829 1506 906 1604 illud
923 1507 1128 1573 venetienum

177 1614 320 1701 „accepi
334 1612 420 1696 quod
433 1613 486 1679 ubi
498 1613 696 1696 accepissem
705 1613 802 1696 longe
816 1613 1022 1698 depravatius
1033 1632 1128 1695 quem

178 1721 436 1809 „mogalonensq
461 1719 564 1786 abieci
588 1740 714 1785 omnem
739 1720 857 1787 edendi
888 1740 988 1804 spem.
1026 1721 1128 1786 ausim

177 1827 282 1915 ,enim
304 1827 410 1893 iurare
434 1827 557 1908 eosqui
574 1820 777 1909 utraqueilla
797 1826 994 1910 exemplaria
1015 1846 1128 1892 exara·

178 1939 310 2021 „verant
332 1953 373 1999 ne
392 1933 557 1998 verbulum
571 1933 700 2017 quidem
723 1932 930 2015 intellexisse,
953 1932 999 1997 ita
1023 1933 1130 1998 omnia

84 2020 87 2029 ’
178 2039 384 2126 „simpliciter
397 2044 488 2104 erant
498 2038 684 2105 foedissime
697 2039 875 2123 depravata
886 2039 1019 2105 vocibus
1037 2058 1130 2105 cunc-

178 2147 238 2233 „tis
261 2146 370 2210 viliate
393 2144 519 2228 scriptis
542 2166 602 2212 nec
631 2147 758 2229 graecis
786 2166 847 2211 noc
870 2144 978 2210 latinis
1002 2145 1131 2210 auribus

179 2251 345 2339 ,cognitis
362 2250 430 2316 sine
443 2250 587 2316 diastolis
604 2257 636 2318 et
650 2252 786 2339 punctis,
803 2253 855 2317 vel
870 2250 985 2316 iisdem
1002 2251 1131 2315 omnino

178 2357 425 2446 „praeposteris
451 2377 533 2440 quae
549 2357 723 2424 sententias
740 2363 945 2438 commutare,
966 2357 1131 2444 amphibo-

179 2465 303 2552 „logias
328 2463 422 2546 ciero,
446 2463 638 2546 labyrinthio
660 2483 816 2547 quemque
839 2464 891 2528 vel
914 2463 1133 2545 ingeniosissi-

180 2591 285 2657 „mum
299 2570 464 2635 involvere
479 2570 513 2634 in
529 2570 678 2636 confesso
702 2576 759 2636 est.
785 2569 898 2653 quibus
913 2569 1063 2634 monstris
1079 2568 1134 2636 de·

180 2677 301 2764 „territi
316 2676 490 2742 abiecimus
503 2683 669 2758 utrumque
682 2677 827 2742 codicem
847 2695 907 2740 ceu
922 2673 1135 2758 deploratum.

181 2782 326 2870 „interim
350 2782 484 2848 studiosi
508 2782 636 2867 qnidam
660 2783 850 2867 praesertim
878 2781 954 2847 artis
988 2780 1137 2848 medicae

181 2910 327 2977 „mecum
344 2889 558 2973 expostulant,
576 2909 656 2971 quur
672 2895 737 2954 tum
753 2894 909 2954 vetustum
926 2893 1072 2953 autorem
1089 2887 1136 2972 ip-

182 2997 245 3083 ,sis
269 2995 525 3078 qualemcunque
548 2995 783 3060 communicare
806 3001 871 3059 tam
896 2994 950 3059 diu
978 2993 1137 3076 differam,

182 3100 416 3190 ,efflagitantes
430 3101 554 3167 interea
570 3122 612 3167 ne
629 3100 782 3168 obderem
802 3100 930 3183 diutius,
955 3100 1015 3167 sed
1031 3101 1064 3166 in
1080 3121 1138 3189 pu·

182 3209 320 3296 „blicum
341 3229 401 3292 pro
424 3227 497 3274 mco
521 3208 662 3274 candore
696 3209 846 3274 emittam.
883 3206 1019 3291 proinde
1054 3227 1140 3273 nunc

183 3315 362 3404 „edidimus
379 3314 519 3397 tandem,
543 3335 584 3381 ne
599 3315 661 3380 situ
676 3334 807 3398 prorsus
832 3319 1053 3380 emacescerct
1071 3314 1140 3399 ple-

182 3425 311 3510 ,risque
327 3421 453 3490 mendis
468 3428 577 3488 nostru
592 3441 693 3507 opera
715 3422 792 3486 satis
812 3419 1028 3502 tumultuaria,
1053 3420 1140 3486 nullo

182 3550 303 3618 ,saepo
320 3530 518 3612 suffragante
535 3527 721 3616 exemplari,
740 3526 884 3609 sublatis,
901 3525 985 3593 adeo
1009 3532 1042 3591 ut
1061 3526 1142 3592 citra
