2362 4178
455 435 516 494 Lib.
534 437 583 493 111.
620 436 751 508 (lepores.
1025 433 1066 503 57
1101 469 1104 473 ·

63 641 67 682 .-
185 597 236 661 69.
274 595 461 662 Oucnrbitas
484 616 572 663 more
595 595 821 663 alexandrino:
857 595 992 662 elixatas
1007 602 1067 663 'eu-

129 685 256 750 curbitas
280 685 449 771 exprimes,
474 687 541 751 sale
565 705 732 769 asparges,
755 685 788 749 in
810 691 930 768 patena
949 706 1067 770 conpo-

124 791 182 838 nes.
213 779 299 838 teres
326 774 430 857 piper,
459 774 619 855 ciminum,
652 773 811 840 coriandri
835 794 955 856 semen,
981 795 1067 840 men·

121 866 180 925 tam
201 861 347 942 viridem,
371 863 486 928 lasaris
499 863 650 943 radicem,
675 861 838 927 suffundes
850 869 987 943 acetum,
1011 862 1068 928 ad-

117 949 192 1016 icies
216 951 383 1033 cariotam,
407 953 555 1016 nucleum
577 957 662 1015 teres
679 951 784 1031 melle,
808 957 945 1033 acetum,
968 952 1068 1033 liqua-

115 1057 197 1116 men,
230 1038 365 1104 defricto
395 1045 427 1104 et
458 1041 572 1120 oleum,
604 1040 800 1124 temperabis
829 1046 861 1104 et
889 1041 1069 1106 cucurbitas

111 1126 297 1210 perfundes.
322 1147 393 1192 cnm
409 1127 591 1208 fervuerint,
614 1129 708 1213 piper
731 1128 877 1210 aspargis
894 1134 926 1194 et
940 1128 1068 1196 inferes.

180 1215 233 1282 70.
256 1214 357 1280 Aliter
380 1217 578 1282 cucurbitas:
609 1222 641 1281 et
664 1216 799 1280 elixatus
823 1237 862 1282 ex
885 1217 1068 1302 liquamine,

111 1304 196 1384 oleo,
221 1323 320 1369 mero.

180 1392 233 1458 71.
258 1391 360 1458 Aliter
384 1392 580 1459 cucurbitas:
604 1392 713 1459 frictas
738 1413 902 1475 oenogaro
922 1393 1068 1478 simplici,

110 1484 144 1545 et
165 1479 290 1564 pipere.
955 1520 956 1524 =

179 1571 198 1633 7
203 1570 234 1634 2.
259 1569 360 1634 Aliter
383 1569 579 1634 cucurbitas:
612 1569 747 1634 elixatos
771 1576 803 1635 et
825 1569 935 1635 frictas
957 1571 991 1636 in
1013 1591 1069 1654 pa-

109 1663 189 1722 tena
215 1676 391 1740 conpones,
413 1657 595 1723 ciminatum
610 1657 833 1740 superfundes,
857 1659 985 1725 modico
998 1660 1069 1724 oleo

110 1765 213 1829 super
235 1745 362 1810 adiecto
386 1744 511 1810 fervere
557 1745 658 1811 facias
683 1753 714 1811 et
737 1748 864 1811 interes.

180 1834 233 1899 73.
257 1833 358 1899 Aliter
382 1834 563 1899 cucurbitas
586 1834 713 1899 frictas:
743 1835 849 1898 tritum
871 1835 975 1918 piper,
999 1834 1069 1916 ligi·
1163 1823 1174 1836 ‘

110 1921 238 2002 sticum,
270 1921 428 2002 ciminum,
462 1923 638 2003 origanum,
671 1942 795 2004 cepam,
827 1923 945 2004 vinnm,
968 1923 1068 2004 liqua-

110 2029 185 2075 men
204 2015 236 2074 et
254 2010 369 2074 oleum.
389 2011 494 2074 amolo
513 2010 682 2091 obligabis,
706 2011 739 2073 in
754 2018 874 2093 patena
890 2018 922 2076 et
940 2010 1068 2076 inferes.

179 2097 234 2162 74.
260 2097 361 2163 Aliter
382 2098 563 2162 cucurbitas
585 2119 656 2163 cum
674 2099 813 2180 gallina:
838 2099 1001 2180 duracina,
1022 2105 1068 2163 tu·

111 2188 202 2267 bera,
229 2185 334 2270 piper,
360 2206 500 2266 careum,
525 2186 684 2266 ciminum,
708 2187 779 2268 silfi,
805 2188 1009 2252 condimenta
1024 2188 1068 2250 vi-

110 2274 194 2339 ridia
223 2280 376 2354 mentam,
407 2276 525 2360 apium,
550 2273 763 2356 coriandrum,
787 2276 939 2357 puleium,
969 2273 1067 2339 cario-

109 2369 186 2444 tam,
210 2363 285 2443 mel,
308 2362 427 2444 vinnm,
450 2363 622 2444 liquamen,
648 2364 762 2443 oleum,
787 2369 921 2429 acetum.

166 2538 258 2592 adeo.
273 2537 561 2607 liquamineccdd.
620 2540 691 2591 tas¹⁴
712 2538 730 2591 i.
750 2553 773 2591 e.
793 2536 980 2606 refrigeratas.
1010 2554 1068 2602 „sn-

112 2639 143 2647 —-
171 2606 336 2663 defricto
363 2608 502 2662 colorabis
521 2609 562 2662 67.
616 2609 657 2662 les
685 2607 782 2663 frictos
810 2609 907 2663 tritos‘
937 2610 1005 2662 5.-
1033 2610 1069 2662 in

111 2680 189 2748 prius
213 2686 325 2733 acetum
345 2679 452 2733 terendi
471 2679 563 2747 gratia
618 2684 755 2746 patena
775 2678 833 2732 inf.
853 2680 890 2732 ad
909 2679 951 2732 62.

111 2749 235 2812 additur,
272 2749 317 2803 vel
354 2750 494 2818 posterius
520 2756 563 2803 est
671 2751 707 2803 ad
728 2750 768 2802 74.
789 2751 829 2804 sie
848 2752 889 2803 77.
909 2765 1069 2806 cucumeres

110 2826 241 2875 ascetum
269 2819 382 2879 ἄκοιτον,
410 2820 484 2888 qnod
514 2836 564 2888 per
619 2836 680 2873 eum
700 2820 844 2874 cerebellis
864 2821 1010 2885 elixantur,
1029 2823 1070 2877 sic

111 2906 141 2945 se
169 2889 240 2954 fluit,
269 2888 474 2958 iungferhonig‚
493 2891 562 2943 Plin.
617 2892 677 2943 246.
703 2891 796 2958 pullus
819 2892 906 2945 elixus
937 2892 999 2945 cum
1023 2910 1069 2948 cu·

112 2964 155 3023 11,
183 2961 226 3014 38.
257 2964 299 3026 (at
326 2960 388 3014 cod.
414 2962 563 3028 rescriptas
619 2961 734 3014 curbitis
754 2960 842 3023 elixis,
862 2963 923 3024 247,
943 2978 1003 3015 cnm
1024 2980 1069 3017 co·

110 3047 193 3100 quem
232 3031 322 3086 edidit
352 3031 433 3084 Mene
469 3036 564 3084 noster
619 3032 731 3085 loeasiis
751 3031 840 3093 elixis‚
852 3034 947 3100 sicque
957 3034 999 3085 93.
1019 3034 1069 3087 bo·

109 3101 196 3156 habet
234 3101 403 3167 ,tacitum“).
442 3100 476 3154 cf.
504 3101 563 3153 174.
620 3102 703 3154 lisera
722 3117 782 3155 eum
802 3103 925 3170 piscibus
944 3103 1014 3156 assis
1028 3105 1068 3156 in-

111 3173 172 3225 179.
188 3172 250 3229 190.
266 3173 326 3225 191.
346 3172 456 3239 saepius
476 3172 563 3238 liqna·
619 3171 751 3225 feruntur.
779 3202 811 3208 -
836 3173 985 3226 condim.
1004 3174 1066 3226 vir.

109 3259 172 3296 men
210 3243 254 3296 bis
282 3241 397 3294 additur
431 3244 489 3294 128.
519 3241 563 3295 vel
620 3243 1067 3304 roe-caromentamstflorr.

112 3312 211 3378 „melle
237 3316 364 3366 acetum“
386 3311 564 3380 iungendum,

108 3390 141 3437 nt
159 3383 198 3437 sit
217 3383 347 3453 oxymeli.

162 3453 201 3506 ad
213 3455 254 3507 73.
275 3453 393 3506 tritas
406 3451 487 3506 codd.
500 3453 565 3506 olim

109 3524 287 3592 explicabam
309 3523 464 3592 „vulgatus¹
479 3523 566 3576 usita-

108 3598 172 3654 μιν
193 3600 223 3651 et
250 3593 395 3650 tentabam
423 3594 566 3660 „astrio-

619 3328 728 3365 eareum
748 3319 869 3366 mentam
882 3333 904 3379 y.
926 3321 1067 3367 carectum

621 3388 808 3436 caromentum
828 3402 854 3435 π.
875 3381 910 3436 cf.
931 3385 989 3436 193.
1006 3385 1065 3436 282.

620 3458 680 3506 erat
709 3453 775 3506 mibi
809 3453 874 3506 olim
903 3453 1067 3517 commenta,

621 3537 691 3591 quae
710 3522 796 3576 herba
814 3536 932 3589 magnae
955 3524 1067 3579 virtutis

620 3608 665 3665 ap.
677 3594 759 3649 Maur.
774 3593 847 3646 Flor.
859 3593 918 3647 593.
930 3593 990 3647 607.
1001 3595 1068 3650 seri·
