2362 4178
177 404 219 473 12
578 406 730 466 Praefatio.

174 569 376 654 praescripto
399 591 463 637 non
486 571 587 637 audet
609 570 731 653 egredi.
754 579 916 654 postremo
940 572 1027 639 scias
1051 573 1134 642 inle-

175 679 246 746 licis
275 701 348 746 esse
377 681 497 763 ingenii
527 679 606 745 nihil
628 701 649 745 a
671 700 707 746 se
729 699 888 763 promere,
912 700 1042 765 semper
1064 683 1134 747 imi·

175 787 245 853 tari.
270 808 353 869 quae
376 788 508 854 stultitia
531 795 626 868 esset,
651 807 723 853 cum
746 793 811 850 tam
834 788 923 852 varia
947 789 1011 852 sint
1032 787 1133 855 homi·

174 913 250 958 num
271 895 413 977 ingenia,
437 902 502 959 mm
526 895 718 978 multiplices
734 901 877 975 naturae,
901 899 967 958 tam
983 894 1134 962 diversae

175 999 258 1066 inter
288 1020 324 1066 se
353 1002 545 1084 voluntates,
575 1022 631 1067 eas
654 1002 738 1066 velle
768 1001 859 1066 unius
886 1000 1010 1083 ingenii
1033 1022 1133 1085 angn-

176 1107 245 1172 stiis
275 1107 432 1190 adstringi
456 1115 488 1175 et
509 1114 662 1190 tanquam
686 1107 873 1191 praefiniri?
908 1108 1013 1173 scribo
1046 1109 1133 1192 quod

176 1214 291 1297 sentio,
314 1215 417 1280 sentio
441 1214 528 1299 quod
549 1216 664 1296 scribo,
689 1214 864 1280 concordat
891 1217 1036 1280 calamus
1061 1236 1131 1281 cum

177 1321 285 1405 eorde,
318 1321 430 1404 lingua
460 1322 670 1386 eumanimo.
705 1321 752 1386 sic
775 1320 857 1386 baec
880 1320 923 1385 ad
947 1322 995 1386 Te
1019 1323 1133 1408 scripsi

175 1433 242 1492 tum
265 1429 401 1494 ultnario
431 1429 504 1493 stilo
535 1449 575 1494 ac
598 1428 764 1493 licentiore
789 1428 936 1510 epistola.
962 1429 1132 1495 excusabis

175 1534 299 1616 ingenii
322 1541 440 1600 motum
464 1554 558 1617 quem
582 1534 730 1600 celeritas
753 1540 912 1600 maturare
936 1555 1000 1600 non
1019 1536 1130 1619 potuit.

176 1641 275 1707 malui
296 1649 405 1708 tamen
428 1642 510 1707 baec
529 1660 740 1725 quaecunque
761 1647 868 1706 essent
888 1641 930 1706 ad
944 1644 992 1707 Te
1007 1644 1131 1709 mittere

176 1767 273 1829 quam
295 1749 413 1814 diutius
436 1770 457 1813 a
479 1767 532 1813 me
555 1748 692 1812 officium
708 1746 894 1813 desiderari.
920 1748 1131 1832 colophonem

175 1853 294 1920 addam
325 1855 476 1936 nondum,
507 1853 653 1938 quamvis
683 1859 776 1935 grata
808 1855 946 1918 brevitas
975 1862 1007 1920 et
1029 1857 1132 1921 Tuum

175 1959 249 2025 Tibi
271 1981 396 2025 narrem
420 1961 586 2026 somnium.
611 1961 653 2025 ab
676 1960 836 2041 unguibus
859 1960 1088 2047 incipiendum.

152 2094 157 2113 ·
243 2066 339 2132 Creta
369 2068 477 2131 notavi
503 2067 591 2131 illum
615 2067 701 2133 diem
725 2073 757 2132 et
780 2067 897 2134 unione
920 2070 1046 2150 signavi
1070 2090 1130 2152 quo

175 2175 224 2240 'I'e
247 2173 348 2239 virum
371 2174 455 2256 l'rngi
479 2175 617 2256 cognovi
643 2180 675 2240 et
697 2175 883 2240 immensam
910 2195 989 2257 erga
1011 2176 1130 2242 studio-

177 2300 232 2346 sos
251 2299 395 2363 quosque
414 2282 517 2346 Tuam
537 2281 767 2364 benignitatem
783 2302 866 2363 quae
881 2302 938 2347 eos
954 2290 1131 2366 permovet,
1165 2327 1172 2337 ,

174 2386 273 2468 fovet,
304 2394 410 2452 tuetur
437 2395 642 2471 perspectam
664 2388 771 2454 habui.
802 2389 835 2453 in
858 2388 1003 2453 noctibus
1028 2390 1132 2456 atticis

176 2494 370 2560 eruditorum
392 2494 531 2558 virorum
556 2494 757 2559 coenantium
777 2494 830 2578 qui
846 2493 1132 2581 deipnosopbistae

175 2601 310 2667 andiunt
332 2621 437 2666 mores
460 2600 562 2666 secuti
585 2606 715 2684 praeter
738 2601 822 2666 seria
844 2602 933 2667 iocos
949 2603 1065 2667 multas
1080 2623 1131 2669 su·

173 2728 235 2792 per
257 2708 482 2774 diversissimis
505 2708 701 2790 argumentis
725 2708 957 2791 disputationes
979 2708 1013 2773 in
1028 2709 1132 2791 iisque

175 2833 240 2878 non
260 2834 383 2898 pancas
400 2814 571 2880 occasione
588 2822 684 2899 capta
703 2836 723 2879 a
747 2815 842 2889 variis
861 2814 979 2901 patinis
995 2817 1131 2883 subinde

173 2920 270 2986 illatis
301 2921 479 3002 babuimus,
512 2920 718 2986 disseruimus
748 2927 814 2985 tum
846 2922 887 2987 de
914 2921 1131 2989 instrumentis

175 3027 402 3109 coquinatoriis
427 3034 459 3092 et
483 3028 624 3108 escariis,
648 3034 713 3092 tum
736 3027 779 3093 de
801 3027 921 3092 iuribus
953 3034 985 3092 et
1006 3030 1130 3114 impen-

173 3134 228 3215 sis,
259 3139 325 3198 tum
349 3133 392 3200 de
414 3133 522 3201 indice
546 3136 689 3201 ciborum
712 3156 839 3218 quoque
864 3135 976 3201 ordine
999 3137 1064 3201 sint
1086 3139 1130 3202 in-

173 3241 229 3306 lati
260 3261 365 3326 quave
395 3242 518 3307 ratione
549 3241 696 3307 dulcibus
726 3243 805 3307 cibis
835 3262 927 3307 acres
954 3249 1131 3327 acutosque

172 3347 358 3412 miscuerint
379 3354 414 3412 ut
437 3350 568 3414 obtusus
591 3348 654 3413 illis
682 3354 714 3412 et
737 3349 852 3414 oblitus
876 3349 1059 3416 stomachus
1081 3349 1131 3415 bis

173 3455 366 3520 excitaretur
397 3462 537 3537 quotque
569 3456 778 3520 instrumenta
803 3455 899 3538 gulae
922 3455 974 3520 vel
997 3456 1130 3539 ingenio

173 3560 317 3645 cogitata
338 3563 401 3628 sint
423 3562 475 3627 vel
499 3561 605 3628 studio
628 3562 788 3646 confecta,
813 3564 939 3631 omnino
963 3562 1006 3630 de
1026 3563 1130 3651 body·
