2362 4178
170 440 214 503 20
572 435 722 493 Praefatio.

168 597 320 661 auxilium
350 596 420 660 fore
450 597 619 660 arbitratus
650 608 683 660 et
713 598 829 660 bonum
861 595 978 661 duoem
1007 598 1129 662 bonurn

170 703 316 768 comitem
347 703 512 766 facturum.
545 702 661 765 mutuis
692 702 813 782 aliquot
840 701 985 786 epistolis
1014 701 1056 768 de
1076 702 1125 767 in-

169 808 329 873 stituenda
351 809 473 872 ratione
497 807 673 872 eommunis
696 806 804 889 operis
824 807 928 871 missis
945 807 1051 873 exitus
1067 807 1124 873 fuit

169 920 203 977 nt
233 933 307 978 suas
338 914 524 979 collationes
550 931 675 978 meeum
706 912 956 977 communicaret
982 932 1122 998 seques
1169 973 1171 982 .

170 1039 246 1084 eura
268 1019 417 1105 apiciana
429 1025 616 1084 removeret
641 1024 714 1082 sunt
735 1017 811 1083 illae
834 1017 957 1084 eodieis
984 1020 1123 1086 vaticani

171 1126 257 1190 1146
288 1124 385 1211 (sigla
413 1125 480 1190 eius
511 1131 561 1189 est
588 1124 625 1209 β)
658 1124 863 1189 vetustissimi
894 1124 968 1191 0110.
994 1145 1060 1192 seo.
1082 1127 1122 1192 K

170 1232 259 1297 euius
282 1231 387 1296 varias
410 1230 564 1295 lectiones
582 1230 653 1313 jam
674 1228 799 1295 Gudius
824 1228 879 1316 (ef.
895 1230 1024 1297 Fabrie.
1044 1232 1122 1298 Bibl
1165 1216 1171 1230 ⁴

168 1338 238 1402 Lat.
263 1339 301 1402 T.
323 1339 347 1401 l.
372 1357 403 1420 p.
424 1337 499 1401 502.
523 1341 588 1400 not.
613 1334 660 1420 d.)
691 1335 733 1399 ad
764 1335 944 1417 marginem
974 1337 1124 1404 editionis

169 1443 297 1507 minimo
329 1441 562 1524 exspectationi
592 1440 816 1524 respondentis
847 1439 1046 1509 Torinianas
1070 1463 1125 1528 ap-

169 1548 318 1634 pinxerat
337 1548 413 1612 anni
436 1548 529 1613 1551.
552 1567 608 1613 eas
626 1547 694 1612 sere
708 1546 836 1612 inutiles
851 1566 872 1611 a
886 1547 1038 1614 Fabricio
1056 1569 1127 1615 enm

169 1654 409 1720 Almeloveenio
430 1654 483 1737 qui
503 1652 675 1718 editionem
690 1652 780 1717 illam
801 1653 1127 1722 amstelodamensem

169 1782 221 1827 an.
247 1761 422 1828 MDOOIX.
448 1759 570 1825 euravit
599 1759 745 1825 absoluto
768 1757 832 1823 iam
856 1778 956 1842 opere
985 1777 1125 1826 eommu=

169 1869 292 1933 nieatas
323 1871 396 1950 post
425 1886 500 1951 pag.
521 1867 596 1932 277.
627 1865 729 1931 habes
758 1863 899 1949 indeque
928 1885 1064 1933 recusas
1093 1869 1127 1934 in

169 1973 410 2039 bemboldiana.
435 1978 569 2056 suntque
599 1973 676 2037 item
698 1971 838 2036 vaticani
862 1971 948 2037 1145
976 1973 1011 2060 (y
1034 1974 1127 2061 mibi)

171 2099 234 2145 seo.
259 2080 345 2144 XIV.
370 2079 473 2143 minus
495 2078 569 2143 boni
590 2086 621 2144 et
637 2078 770 2162 parisini
790 2079 876 2143 6161
890 2078 932 2166 (rr
947 2080 1051 2166 mibi).
1072 2100 1127 2146 va·

170 2184 295 2250 11001100
319 2204 441 2250 summa
465 2204 535 2249 eum
559 2205 635 2250 eura
657 2184 790 2250 eontulit
812 2185 848 2248 Ε.
873 2186 992 2267 Braun,
1018 2187 1127 2253 Duob-

170 2311 228 2357 ner
251 2292 434 2375 parisiuum.
459 2290 486 2355 is
509 2290 542 2354 in
565 2289 670 2355 multis
692 2290 845 2355 abhorret
867 2293 908 2356 ab
932 2291 1006 2373 illis,
1038 2291 1129 2358 vide·

170 2403 220 2461 tur
244 2397 324 2461 alius
347 2397 487 2462 familiae
512 2397 601 2462 euius
623 2397 775 2480 princeps
803 2396 951 2463 librarius
981 2399 1036 2463 vel
1060 2418 1129 2465 001-

171 2509 265 2586 rupta
286 2503 339 2567 vel
361 2523 424 2567 non
448 2504 525 2585 satis
544 2503 707 2569 intelleeta
722 2522 781 2567 sna
796 2503 986 2569 auctoritate
1002 2511 1035 2570 01
1053 2525 1128 2570 eon-

172 2608 243 2673 silio
267 2609 419 2673 abolebat
443 2613 475 2672 et
498 2609 689 2690 corrigebat.
714 2611 876 2690 lemmata,
899 2609 1130 2694 inscriptiones

173 2714 375 2797 capitulaque
400 2714 514 2778 omittit
536 2715 632 2796 idque
655 2716 778 2797 merito,
802 2736 877 2781 nam
897 2716 1130 2784 suntlibrario-

172 2839 240 2882 rum
264 2825 360 2902 atque
390 2839 455 2883 non
476 2822 660 2887 necessario
683 2823 797 2888 librum
820 2830 951 2905 augent.
983 2825 1074 2889 soeio
1098 2825 1131 2889 in

174 2944 273 3008 opere
296 2924 446 2990 faoiendo
469 2933 592 2990 mortuo
613 2927 742 2993 deserta
762 2948 862 2994 eausa
879 2929 953 3010 viei,
978 2930 1130 2995 0101101-

171 3033 248 3098 lieet
271 3052 336 3096 non
358 3053 430 3097 raro
454 3040 586 3115 patruus
609 3034 685 3098 mibi
710 3041 742 3100 et
763 3036 875 3117 lingua
896 3035 1051 3115 bellabat.
1083 3043 1130 3102 at·

173 3158 234 3221 que
257 3139 333 3221 iugo
359 3159 493 3204 excusso
518 3161 613 3223 quam
641 3148 782 3224 sparmm
805 3161 885 3206 unus
907 3148 1023 3207 uaetus
1046 3143 1131 3210 bane

173 3247 284 3311 ornavi
316 3252 348 3311 et
377 3246 423 3311 sie
447 3247 500 3310 uni
523 3246 599 3310 mibi
622 3245 832 3312 fundamenta
853 3246 1016 3332 facienda,
1046 3270 1131 3315 sum·

172 3372 258 3417 mum
280 3348 442 3434 fastigium
465 3352 692 3440 imponendum
717 3360 749 3418 et
770 3373 920 3437 suprema
939 3375 1056 3421 manus
1074 3357 1132 3422 ad-

138 3500 139 3503 =
173 3458 290 3523 denda.
315 3458 368 3542 qui
392 3459 495 3541 primo
519 3459 648 3525 summis
671 3460 808 3547 pedibus
830 3461 1048 3544 ingrediebar,
1074 3462 1132 3529 bo·

173 3583 242 3628 rum
265 3565 410 3632 eodieum
435 3572 467 3630 et
490 3564 639 3631 editionis
658 3566 812 3650 principis
827 3587 891 3655 ope
905 3568 1029 3654 leporis
1044 3570 1133 3639 vine
