2362 4178
101 399 143 463 78
339 430 341 434 =
401 397 462 453 Lib.
480 395 530 453 IV.
566 396 731 489 Pandpctes.

100 553 205 642 neam]
238 576 299 621 ova
330 555 523 638 confringes,
554 555 586 618 in
618 556 790 621 caccabum
822 561 854 621 et
885 555 1037 623 dissolvas.

100 644 222 710 adicies
241 645 273 708 in
293 644 481 733 mortarium
492 645 594 731 piper,
618 643 799 725 ligisticum,
823 643 966 726 fricabis,
988 643 1038 710 sul·

100 732 216 798 fundes
246 733 418 815 liquamen,
449 732 567 814 vinum,
601 751 742 817 passum,
778 732 885 798 oleum
915 733 1041 816 modice,
1086 670 1091 803 Ι

99 821 303 888 reerinanies
325 823 358 885 in
375 823 557 903 caccabum,
582 819 682 886 facies
700 827 734 885 ut
749 819 883 904 ferveat,
908 821 1043 888 cumscr-
1085 810 1091 983 1

100 911 203 975 ruerit
233 916 265 975 et
295 910 428 991 obligas.
461 911 577 995 pulpas
608 929 688 990 quas
718 910 923 975 subcultrasti
950 910 984 977 in
1003 911 1045 976 ius

101 998 207 1063 mittis.
230 1000 396 1065 substerne
420 1018 478 1084 per
501 996 661 1083 diploides
688 997 831 1082 patinam
862 1018 999 1064 aeneam
1019 1005 1048 1065 et
1089 1006 1091 1057 ἓ

100 1088 226 1152 bullam
249 1087 379 1173 plenam
402 1088 521 1173 pulpae
545 1092 578 1152 et
600 1086 770 1172 disparges
793 1087 900 1151 oleum
920 1088 1046 1170 etlags·
1084 1081 1091 1170 l

100 1196 176 1241 num
205 1194 308 1262 pones
336 1175 488 1241 similiter.
520 1179 673 1256 quotquot
701 1175 820 1256 lagana
839 1175 988 1262 posueris
1008 1182 1050 1242 tot

100 1264 210 1329 trullas
232 1263 388 1351 inpensae
411 1263 543 1329 adicies.
567 1282 664 1327 unum
687 1263 838 1344 laganum
861 1262 970 1329 fistula
984 1285 1049 1352 per·

102 1353 214 1433 outics,
246 1374 266 1418 a
295 1352 464 1439 superficie
487 1371 597 1418 versas
627 1350 796 1433 indusium,
829 1352 1051 1439 superiacum

101 1460 215 1529 pones.
240 1441 333 1527 piper
356 1441 503 1528 aspargis
527 1447 559 1508 et
580 1439 708 1508 inferes.
1081 1464 1084 1473 ·

171 1530 243 1595 136.
275 1530 426 1594 Patina
455 1528 682 1596 versatilis
712 1528 804 1595 vice
835 1528 970 1597 dulci:
1000 1551 1052 1598 nu·

103 1619 190 1686 cleos
213 1617 336 1703 pineos,
359 1639 458 1684 nuces
480 1619 599 1683 fractas
623 1623 655 1682 et
677 1624 898 1704 purgatas-
920 1628 956 1686 at
969 1627 1050 1687 torro

101 1727 217 1795 passas
235 1715 377 1775 -teres
395 1728 466 1773 cum
480 1708 585 1788 melle,
604 1707 728 1794 pipere,
752 1707 936 1793 liquamine,
959 1711 1051 1792 lacta,

103 1798 181 1878 ovis,
204 1795 329 1862 modico
353 1817 441 1862 mero
465 1803 497 1862 et
519 1797 601 1862 oleo.

171 1887 243 1950 137.
268 1886 474 1950 Patellam
496 1884 780 1949 tirotaricam:
805 1905 1052 1972 exquocunqua

102 1975 188 2040 salso
212 1973 360 2053 volueris,
386 1993 505 2056 coques
529 1994 570 2039 ex
594 1974 676 2053 ole0,
701 1975 877 2040 excusabis.
912 1981 946 2041 et
968 1995 1053 2043 cere·

103 2064 189 2128 bella
206 2068 307 2143 cocta,
330 2063 448 2148 pulpas
463 2062 608 2147 piscium,
629 2063 793 2127 iecuscula
806 2063 977 2149 pullorum,
995 2084 1054 2130 ova

104 2150 193 2232 dura,
226 2171 355 2216 caseum
386 2151 513 2216 mollem
546 2150 749 2218 excaldatum
774 2189 812 2243 ·.·
843 2151 1055 2219 haecomnia

103 2331 265 2381 sternere
285 2327 319 2382 di
327 2343 355 2395 p.
367 2332 407 2390 βπ
424 2344 476 2395 pro
491 2327 550 2381 vul·
604 2326 634 2380 lii
643 2343 667 2384 s.
677 2327 960 2395 placentaedulcis
974 2329 1052 2386 Hunc
1078 2393 1081 2396 ⁴

103 2398 164 2467 gari
182 2397 370 2453 substerne
387 2397 455 2466 dip.
475 2397 551 2466 quod
605 2397 640 2451 de
650 2398 778 2452 dulcibus
787 2399 938 2455 300--305.
950 2407 1054 2456 attor-

105 2471 166 2534 ,re“
187 2467 253 2521 mihi
272 2475 315 2522 est
331 2473 412 2536 ,per“
429 2469 490 2522 134.
510 2470 552 2523 sic
605 2469 708 2522 rebas
723 2484 780 2523 cas
795 2470 961 2527 velatorr.
975 2471 1055 2527 codd.

102 2538 228 2592 Halmius
241 2540 496 2607 nosterFlorump.
506 2541 550 2603 31,
605 2540 809 2595 attorrebis
835 2540 879 2595 ed.
904 2558 947 2610 pr.
978 2541 1057 2597 Hum.

103 2611 129 2664 5.
148 2609 269 2664 correxit
286 2609 373 2677 praef.
397 2627 423 2677 p.
444 2610 492 2664 lX.
519 2640 550 2648 -
606 2611 835 2665 meumbassas
854 2618 1058 2678 estcrassas,

103 2681 234 2749 pulpae
254 2681 390 2742 concisae,
408 2681 478 2743 sicii,
503 2681 552 2734 im·
606 2681 732 2749 pingues,
752 2682 874 2736 nondum
893 2683 994 2748 siccas,
1019 2684 1057 2738 vi·

103 2766 214 2820 pensae.
245 2781 278 2790 -
304 2765 427 2805 versas
453 2751 553 2805 indu·
607 2752 688 2814 rides,
715 2757 746 2806 ut
769 2757 834 2805 sunt
859 2754 979 2823 pingues
1005 2750 1057 2810 ficu

104 2822 233 2875 sium--
252 2836 365 2889 pones
384 2822 552 2889 tentavipro
608 2822 691 2875 ctiam
717 2822 788 2876 coni.
817 2824 997 2880 basilicas
1025 2841 1058 2881 ex

104 2906 226 2946 versas
251 2891 278 2945 in
302 2892 435 2946 discum
459 2893 552 2946 insu·
607 2893 1058 2960 Plin.15,8l.l1acr0b.sat3,

104 2977 167 3031 per
186 2963 220 3016 in
245 2962 477 3030 superficiem
496 2979 552 3032 po·
609 2964 651 3027 18,
670 2962 696 3016 4.
717 2980 777 3017 cum
796 2965 855 3020 lan.

104 3049 167 3088 nes
185 3038 217 3088 ut
234 3033 273 3087 sit
285 3050 418 3102 ,snpeme
438 3032 479 3084 ἔπ’
492 3033 552 3083 ἐπι-
662 3034 699 3088 ad
714 3036 772 3089 137.
793 3036 1059 3105 tyrotarichum
1079 3087 1086 3108 ,

105 3105 193 3169 nolae,
212 3103 300 3167 trabe,
314 3104 446 3168 distrahe,
471 3120 555 3173 super
608 3104 689 3159 Hum.
719 3111 748 3159 ct
772 3107 873 3174 pisce
898 3108 1001 3164 salso
1027 3126 1060 3165 ex

33 3228 48 3255 μ
104 3175 188 3230 induc
214 3175 343 3243 laganum
369 3191 420 3245 pro
444 3175 555 3230 indusio
610 3176 671 3230 cod.
686 3191 745 3230 suo.
760 3179 1060 3249 excusabisinpul·

106 3246 194 3315 quasi,
224 3245 302 3301 aiche
330 3246 374 3300 ein
409 3245 556 3301 oberkleid
609 3261 660 3315 pas
680 3262 776 3315 carpes
797 3248 854 3303 151.
876 3258 1061 3319 quaepostea

105 3316 148 3372 uls
167 3315 266 3372 deckel
286 3318 395 3373 drllbcr.
610 3334 671 3372 cum
681 3318 743 3372 aliis
754 3319 836 3374 rebus
847 3318 987 3376 calefiunt.
1000 3338 1062 3377 ova

159 3388 274 3444 ad136.
304 3389 402 3443 eadem
430 3385 488 3443 iere
506 3403 556 3456 pa·
611 3389 699 3443 dura
717 3405 776 3458 par.
802 3398 831 3446 et
850 3391 913 3448 cod.
932 3392 1014 3448 Huuu
1034 3394 1061 3448 in

106 3458 165 3515 tina
184 3465 227 3516 est
244 3461 302 3514 122.
324 3459 427 3514 dulci
445 3459 557 3515 videtur
610 3460 723 3528 reliquis
743 3478 796 3516 om.
817 3494 850 3503 -
866 3464 1014 3519 *excald
1035 3465 1062 3520 iu

107 3531 201 3596 dulcii,
220 3536 251 3586 ut
269 3531 307 3586 sit
316 3531 380 3587 loco
391 3530 480 3586 dulcis
490 3530 557 3586 edu·
610 3546 711 3601 aquam
737 3533 856 3590 calidam
875 3532 1016 3592 immissus
1034 3540 1063 3592 et
