2362 4178
109 397 151 467 76
418 395 478 453 Lib.
497 396 545 453 IV.
570 394 737 452 Pandeetes.

109 565 198 634 cinos
223 587 265 637 cx
286 564 354 630 iure
377 563 533 628 terentino
553 561 667 638 farsos,
692 565 801 625 coctos
818 559 978 639 concisos,
993 559 1054 624 isci-
1102 591 1105 604 ·

108 678 188 722 nera
217 656 385 741 pullorum,
416 654 533 737 pulpas
564 650 662 737 piscis
693 652 786 716 aselli
817 650 912 731 fricti,
947 651 1055 716 urticas
1102 654 1105 690 ³

109 746 261 825 marinas,
284 745 401 829 pulpas
422 742 629 806 hostreomm.
656 759 769 805 caseos
787 747 948 806 recentes.
973 741 1055 805 alter·
1103 743 1105 779 l

41 819 46 836 '
108 834 158 898 nis
182 852 346 918 conpones
377 831 509 895 nucleos
538 835 570 894 et
600 830 693 914 piper
715 830 875 910 integrum
898 847 1056 916 asparges
1103 832 1105 838 ‘

108 923 158 986 ius
188 924 253 987 tale
284 918 476 1006 perfundes:
508 919 612 1003 piper,
644 918 826 999 ligisticum,
859 919 914 1004 api
947 937 1056 994 semen,

109 1011 179 1076 silfi.
205 1030 334 1091 coques.
360 1015 393 1073 at
415 1009 468 1072 ubi
492 1016 585 1073 cocta
606 1007 711 1086 fuerit,
743 1009 860 1073 lactem
886 1007 986 1086 colas,
1015 1005 1058 1072 cui

109 1098 209 1165 cruda
240 1119 302 1163 ova
326 1097 513 1177 conmisccs,
545 1102 579 1160 ut
602 1116 699 1160 unum
724 1116 841 1182 corpus
863 1095 929 1161 fiat.
962 1101 995 1161 et
1014 1113 1058 1160 su·

108 1208 168 1274 per
190 1188 247 1252 illa
270 1187 376 1251 omnia
399 1184 582 1271 perfundes.
599 1204 669 1250 cum
690 1192 784 1250 cocta
802 1183 909 1265 fuerit,
934 1183 1058 1252 echinos

108 1278 313 1343 recentiores.
337 1276 430 1360 piper
453 1274 602 1359 aspargis
626 1279 658 1338 et
679 1273 809 1339 inseres.

178 1366 250 1430 134.
275 1366 466 1429 Patinam
489 1363 727 1447 apicianum
744 1361 927 1428 sicfacies:
951 1359 1059 1427 frustra

109 1454 240 1518 suminis
264 1455 356 1532 cocti,
380 1452 497 1537 pulpas
520 1450 664 1536 piscium,
696 1453 813 1539 pulpas
836 1452 928 1538 pulli,
959 1451 1060 1517 ficetu-

108 1543 158 1608 las
181 1542 232 1606 vel
256 1548 389 1627 pectora
412 1539 574 1605 turdorum
598 1546 691 1605 cocta
720 1546 752 1606 et
774 1560 988 1623 quaecunque
1006 1558 1060 1625 *op

110 1718 176 1786 napi
202 1717 263 1773 Col.
289 1717 331 1779 12,
354 1717 397 1778 57,
423 1718 449 1770 2.
474 1717 562 1772 imber
615 1717 724 1772 Amob.
751 1718 776 1779 7,
800 1716 837 1770 24
859 1732 887 1785 p.
913 1717 976 1770 422.
1000 1716 1062 1772 Dies

111 1797 155 1845 est
174 1804 248 1855 aqua
266 1788 401 1843 imbrialis
425 1804 446 1841 s.
468 1788 562 1842 cister·
615 1790 682 1844 Lex.
702 1789 729 1842 d.
749 1805 818 1842 rom.
838 1804 894 1858 spr.
919 1789 981 1843 507.
1006 1788 1062 1842 508.

110 1862 177 1915 nina
194 1861 237 1913 45.
264 1861 424 1927 priusquam
444 1859 562 1913 edantur
616 1865 747 1915 terent.
772 1867 801 1913 et
825 1864 960 1914 tarent.
985 1857 1062 1914 codd

112 1947 186 2000 aqua
205 1930 297 1984 calida
308 1929 490 1984 macerandos
501 1946 562 1984 esse
616 1937 645 1985 et
665 1932 723 1984 17²2,
745 1931 804 1983 173.
825 1928 858 1983 ci.
874 1929 946 1985 illud
965 1928 1063 1999 apodes

111 2006 232 2064 constat,
251 2017 286 2055 ne
304 2001 485 2055 ventriculum
506 2002 562 2055 lae·
615 2002 703 2055 riuum
715 2003 757 2055 53.
778 2031 810 2038 -
830 2002 939 2055 aselli
959 1999 1062 2058 om.ed

111 2073 187 2126 dant
213 2101 249 2111 -
274 2073 437 2126 mediana
461 2073 561 2134 media,
616 2089 657 2140 pr.
679 2103 710 2109 -
731 2087 766 2127 ex
788 2073 800 2130 ζ
820 2073 915 2126 malim
935 2071 1063 2127 frictas

111 2143 253 2198 dimidiam
272 2151 390 2211 partem.
419 2173 450 2179 —
481 2144 561 2197 olus
616 2143 651 2198 cf.
681 2144 739 2195 135.
768 2142 998 2198 hostreorum
1033 2157 1064 2196 ex

111 2214 560 2283 molle97.—etjurecodd.
615 2218 654 2276 (33
676 2229 728 2281 pro
753 2219 839 2267 ostr.
868 2216 910 2268 12.
939 2214 1063 2281 pulpas

80 2284 146 2339 cf.
166 2285 203 2339 ad
223 2285 265 2338 54.
287 2315 318 2322 -
346 2291 506 2352 carptum
531 2290 563 2338 ut
616 2300 712 2338 carnes
754 2283 856 2338 molles
902 2284 1064 2354 sphondylis
1104 2312 1105 2320 .

111 2357 172 2410 251.
192 2357 289 2423 scripsi
300 2372 351 2424 pro
370 2360 562 2422 raptum-
616 2355 937 2423 demtismantellappe,
950 2369 1065 2425 quauna
1103 2373 1105 2399 ι

112 2427 256 2481 lucania
281 2427 407 2480 lucanica
432 2426 510 2479 isicia
539 2443 560 2479 s.
615 2434 696 2493 parte
715 2426 1064 2481 adhucveseunturhomi·

114 2495 266 2551 sarcimine.
295 2499 335 2550 sic
369 2497 496 2550 numidus
518 2503 562 2552 est
615 2497 799 2550 persubtilis
825 2497 923 2565 palati.
950 2499 1008 2551 151.
1033 2494 1063 2551 ci·
1103 2509 1105 2514 ·

110 2570 266 2623 numidicus
285 2568 345 2620 242.
362 2569 459 2621 medus
477 2567 563 2621 medi-

111 2656 169 2702 cus,
195 2638 308 2693 colchus
334 2638 484 2691 colchicus.
511 2639 562 2691 ita-

112 2711 156 2764 lus
175 2710 298 2770 italicus,
327 2709 424 2778 illyrus
446 2708 561 2776 illyrius.

110 2781 215 2835 arabus
233 2779 361 2832 arabicus
379 2795 424 2846 ap.
438 2779 507 2832 Plin.
518 2780 561 2841 36,

111 2853 171 2904 153,
194 2850 300 2917 Gargil.
316 2866 365 2903 cur
381 2850 465 2903 boum
485 2856 507 2914 §-
518 2851 560 2903 23.

113 2920 148 2975 cf.
178 2921 261 2974 Fabri
286 2921 322 2973 ad
356 2921 414 2974 liv.
449 2922 493 2982 21,
517 2921 560 2982 53,

111 2994 153 3045 11.
173 2991 315 3046 Weichcrt
334 2992 370 3044 ad
390 2991 500 3044 Poctar.
512 2990 561 3043 lat.

111 3064 189 3130 reliq.
218 3079 245 3129 p.
281 3063 343 3115 322.
373 3069 430 3116 not.
465 3062 563 3129 Reisig

110 3133 204 3186 Schol.
225 3133 271 3187 Gr.
292 3133 340 3186 lat.
360 3138 383 3195 ξ,
398 3133 456 3185 169.
468 3132 561 3184 malim

110 3211 203 3257 tamen
223 3203 409 3256 lucanicas
430 3201 488 3255 194.
500 3203 559 3254 ⁶207.

110 3275 171 3327 181.
200 3274 242 3326 56,
270 3280 384 3327 mutes
413 3289 483 3326 corr.
508 3289 560 3339 pro

108 3346 235 3398 mittes
269 3345 328 3396 116.
357 3344 560 3410 longaoncs

109 3416 190 3469 codd
211 3415 440 3483 longanones
459 3413 503 3465 ed.
518 3429 560 3480 pr.

616 2568 686 2620 Plio.
698 2569 741 2628 32,
753 2569 795 2622 61.
816 2569 878 2622 coll.
891 2569 971 2622 llart.
990 2570 1014 2630 7,
1024 2568 1064 2628 20.

618 2639 695 2690 1.-
721 2645 757 2691 at
782 2637 874 2704 ylad
899 2641 1065 2700 flectet

616 2709 875 2776 vulgo-laced.
896 2727 937 2777 pr.
955 2710 1064 2764 Illac

616 2786 653 2833 te
673 2781 690 2838 ζ.
712 2780 769 2833 lac
847 2780 1063 2835 colosseum

616 2851 724 2903 lacuna.
745 2850 861 2905 fuerit
880 2868 915 2905 ex
929 2858 964 2918 βγ
973 2852 1017 2906 cd.
1027 2868 1064 2920 pr.

615 2938 667 2988 pro
686 2921 877 2975 fuerint-
894 2922 1025 2977 echino
1039 2928 1065 2976 et

616 2991 741 3045 ethluo
761 2992 843 3046 codd.
864 2994 971 3048 urticae
987 2993 1065 3048 desu-

615 3078 667 3129 per
685 3070 890 3128 compouuntur
910 3065 970 3117 132.

669 3133 705 3185 ad
727 3133 785 3185 134.
806 3133 926 3187 frusta
946 3136 958 3193 ζ
971 3134 1064 3202 cdpr.

615 3203 648 3255 Η.
676 3204 718 3254 63,
749 3204 784 3256 dc
812 3205 919 3258 sumine
944 3205 981 3258 ad
1007 3205 1065 3257 261.

615 3288 681 3325 ova
704 3271 818 3342 frangis.
844 3305 876 3312 α
901 3275 943 3328 ad
963 3275 1022 3330 nbi
1040 3280 1065 3338 β.

615 3344 675 3396 133.
704 3344 844 3398 levabis
872 3345 909 3399 ab
937 3347 1012 3415 igne.
1032 3374 1066 3385 -

614 3415 733 3467 siccorr.
747 3431 799 3481 pro
813 3414 1082 3479 refundescum

107 3486 141 3539 Η.
162 3486 247 3552 longa
265 3485 406 3545 intestina,
435 3483 558 3551 Ducang.
613 3485 685 3551 pip.
705 3499 823 3549 grana.
844 3486 880 3539 ad
902 3503 945 3555 ,μ
961 3491 1065 3555 grana·

110 3555 203 3611 Gloss.
224 3555 270 3609 IV.
291 3572 319 3624 p.
340 3554 399 3608 146.
419 3553 504 3610 Orelli
523 3555 559 3608 ad
613 3554 712 3622 supple
742 3557 855 3620 „mitte“
881 3557 917 3610 54
950 3573 972 3611 s.
1004 3557 1067 3623 „ad-
