2362 4178
458 427 517 485 le.
537 427 584 485 ΙΙΙ.
621 427 753 500 Cepuror.
1000 428 1069 516 Χ59

126 584 266 664 oramine
298 591 329 652 et
360 587 442 666 oleo,
481 595 615 654 acetum.
648 590 770 654 malvas
800 588 935 654 maiores
965 587 999 654 in
1030 609 1068 654 eo

128 689 230 754 grano,
255 674 349 761 piper
372 696 412 740 ex
435 677 617 759 liquamine,
643 697 780 743 caroeno
805 677 855 742 vel
879 697 985 760 passo.

63 761 65 767 '
183 765 234 828 81.
261 763 398 829 Gimas
423 771 460 830 et
482 766 670 831 coliclos.
696 768 809 832 cimas:
835 766 993 846 ciminum,
1018 786 1068 831 sa-

63 832 66 868 ¹
122 848 190 932 lem,
214 852 322 916 vinum
345 858 449 934 vetuo,
474 860 505 918 et
528 855 633 920 oleum
651 857 678 919 si
695 856 784 920 volco
806 853 941 941 [addeu],
965 855 1068 938 piper,

119 938 297 1021 ligiaticum,
330 947 479 1022 mentam,
510 950 623 1023 rutam,
656 943 858 1008 coriandrum
882 943 971 1032 [folia
993 943 1068 1011 eoli-

117 1027 257 1117 olomml,
281 1030 451 1111 liquamen,
477 1032 593 1110 vinum,
618 1033 732 1096 oleum.

182 1118 235 1183 82.
259 1118 377 1183 Aliter:
403 1119 533 1184 ooliclou
558 1120 693 1185 elixatos
716 1120 882 1201 mediabiu,
914 1140 1068 1186 summam

112 1203 261 1272 foliorum
283 1226 372 1272 seres
389 1227 461 1272 cum
478 1207 656 1287 coriandro,
682 1229 773 1291 cepa,
795 1208 921 1291 cimino,
944 1209 1067 1293 pipere,

111 1312 212 1377 pauso
235 1296 287 1378 vel
311 1315 448 1360 carocno
473 1302 504 1360 et
528 1297 598 1361 olco
623 1297 760 1362 modico.

181 1383 235 1448 83.
260 1385 378 1449 Aliter:
404 1383 508 1449 colicli
524 1385 621 1449 assati
635 1385 669 1449 in
684 1392 804 1469 patena
821 1384 979 1468 conpositi
995 1403 1068 1449 con-

112 1467 244 1536 diuntur
266 1472 449 1553 liquamine,
474 1474 555 1554 oleo,
580 1493 678 1554 mero,
704 1475 825 1539 cucino.
847 1493 943 1556 super
959 1492 1069 1556 aspar·

110 1578 173 1641 ges
198 1563 339 1645 porrum,
364 1561 522 1643 ciminum,
549 1562 749 1626 coriandrum
766 1562 866 1627 viride
882 1582 979 1649 super
996 1580 1070 1627 con·
1166 1636 1169 1643 .

109 1646 211 1713 eides.

180 1737 225 1803 84
259 1736 377 1802 Aliter:
410 1737 515 1805 colicli
547 1736 668 1804 conditi
700 1744 734 1801 ut
761 1756 860 1822 supra
883 1756 953 1801 cum
978 1735 1070 1801 elixis

109 1824 215 1912 porris
239 1833 424 1908 coquantur.
467 1891 473 1901 ,

111 2019 157 2074 86.
179 2018 307 2087 Geopon.
318 2021 344 2083 3,
357 2021 382 2075 8.
401 2020 497 2077 Galen.
510 2020 562 2077 lac.
620 2021 744 2076 culorum
756 2027 784 2075 et
796 2020 925 2076 loliorum
939 2020 1067 2088 accipiar,

111 2091 187 2144 alim.
209 2093 234 2153 1.
253 2092 296 2145 20.
315 2109 342 2162 p.
362 2093 421 2146 613.
448 2092 563 2147 Salmas.
619 2099 651 2146 ut
663 2093 855 2160 explicandum
866 2092 1066 2147 medianamal-

112 2161 178 2233 Hyl.
208 2162 270 2215 latr.
300 2178 326 2231 p.
356 2164 398 2216 71.
424 2163 450 2218 b.
476 2171 506 2218 et
524 2180 563 2218 eo
619 2163 998 2218 varumetbetarum133?
1022 2179 1067 2218 co·

111 2247 229 2302 grano
244 2248 295 2301 pro
315 2249 508 2304 oanogara.
529 2263 564 2274 -
617 2234 693 2288 liculi
719 2250 779 2288 cum
806 2232 880 2287 foliis
902 2235 959 2287 suis
984 2234 1067 2288 deco·

112 2303 148 2358 de
167 2319 230 2358 meo
250 2309 286 2358 et
308 2304 373 2358 add.
401 2335 431 2341 —
459 2305 564 2373 piper
618 2310 739 2372 quuntur
754 2320 798 2371 ap.
810 2304 942 2372 Pelagon.
954 2305 978 2358 8.
989 2303 1065 2372 pao.

109 2373 170 2443 liq.
201 2375 283 2429 codd.
320 2380 434 2443 praeter
470 2376 564 2444 oqui
618 2390 752 2428 summa
793 2372 963 2428 loliorum
1001 2373 1066 2442 (fo-

109 2445 179 2514 pip.
199 2453 236 2500 at
254 2445 316 2512 liq.
341 2452 370 2500 et
389 2446 431 2500 ed.
452 2462 491 2513 pr.
512 2447 563 2514 pi·
617 2445 743 2498 liarum
762 2449 828 2506 pon.
848 2461 884 2500 an
903 2444 995 2500 folia
1013 2461 1066 2500 eo-

110 2516 272 2585 percliq.
293 2516 366 2571 unde
385 2533 454 2570 corr.
475 2522 506 2569 ut
523 2533 563 2571 es·
618 2519 720 2580 rum?)
746 2523 844 2570 terea
877 2517 957 2571 codd.
990 2515 1066 2584 quod

111 2593 156 2640 ret
174 2587 254 2655 piper
275 2601 336 2640 cum
353 2587 502 2655 liquamine
515 2587 562 2641 tri·
616 2586 740 2653 ineptum
759 2586 804 2640 vol
823 2594 867 2641 cat
890 2595 989 2641 tores
1009 2593 1065 2640 tor-

111 2661 170 2710 tum
190 2658 232 2711 96.
253 2658 313 2711 285.
324 2658 385 2710 314.
405 2659 563 2726 piperatum
617 2672 669 2719 reo,
688 2658 725 2710 ad
746 2658 803 2709 123.
831 2658 875 2712 vel
894 2674 1000 2713 seres.
1030 2654 1064 2710 el.

111 2726 172 2780 313.
193 2727 253 2781 384.
274 2729 465 2796 poivrade.-
513 2743 562 2782 ae·
617 2734 646 2781 ct
673 2729 731 2782 103.
759 2728 817 2781 190.
842 2759 875 2766 -
900 2729 1005 2796 piper
1023 2731 1064 2795 βγ.

112 2811 150 2851 ro
170 2800 311 2866 tempera·
330 2805 361 2852 ut
382 2799 462 2852 dulce
479 2744 537 2852 dat.
618 2797 676 2850 scil.
697 2798 793 2853 addes.

165 2868 203 2922 ad
221 2870 264 2921 81.
285 2874 320 2924 et
339 2869 560 2923 ooliclouom.
669 2869 757 2921 ad83.
779 2869 935 2932 exatissa.
955 2869 1066 2923 elixa

112 2937 219 3003 yflorr.
239 2940 282 2994 cd
309 2955 350 3006 pr.
377 2940 412 2993 dc
437 2939 562 2993 coliculis
616 2938 644 2990 ti
663 2938 742 2991 Hum.
764 2955 778 2992 e
799 2939 861 2993 cod.
877 2969 907 2976 -
929 2954 1065 3005 compo-

63 3043 65 3046 -
113 3009 180 3062 ratis
205 3009 262 3064 dixi
290 3011 318 3063 in
345 3010 449 3075 ,salute
469 3027 494 3063 u.
515 3026 562 3077 ge·
616 3008 682 3061 siti
710 3029 725 3074 y
752 3009 832 3062 Hum.
864 3010 1065 3076 composita.

63 3083 65 3089 '
115 3083 222 3133 mueee⁴⁴
251 3097 278 3148 p.
307 3080 349 3132 35.
380 3087 409 3133 et
435 3081 472 3133 ad
502 3080 560 3133 180.
616 3079 724 3146 reliqui,
743 3095 814 3146 quae
833 3095 907 3134 nova
925 3085 1065 3132 voxeuaet

116 3149 221 3204 addes
240 3155 280 3211 βπ
298 3150 413 3204 addunt.
616 3149 814 3216 compositura,
836 3149 1001 3216 compositio
1012 3148 1064 3201 Oo-

163 3219 200 3273 ad
218 3221 261 3273 82.
300 3221 417 3274 media
448 3220 503 3274 bis
530 3217 562 3285 γδ
616 3220 680 3272 lum.
703 3222 743 3281 12,
763 3222 805 3281 21,
825 3221 849 3272 6.
879 3220 1063 3286 compositum

116 3303 163 3355 pro
189 3291 365 3344 mediabie
390 3291 406 3343 i.
433 3305 455 3344 e.
483 3291 561 3343 dimi·
617 3292 657 3341 12.
670 3292 712 3351 59.
722 3292 747 3342 3.
768 3291 895 3352 mixtura,
910 3290 1063 3343 conditura.

116 3357 211 3424 orabis,
227 3361 372 3429 tripartiae,
383 3361 410 3413 in
421 3361 490 3414 duas
500 3375 561 3427 par·
616 3358 650 3413 ct.
671 3361 731 3412 381.
751 3390 781 3397 -
802 3362 928 3414 cucino
947 3364 1063 3423 κουκίνῳ,

116 3434 156 3483 ter
184 3431 293 3485 divides
324 3431 429 3492 caules.
455 3431 560 3484 Colum.
616 3445 683 3483 sucu
701 3446 751 3484 eeu
771 3430 845 3484 lacte
864 3431 937 3483 illiue
956 3428 1064 3483 arboria

116 3501 154 3563 12,
173 3502 198 3562 7,
223 3501 249 3557 4.
275 3518 326 3570 per
350 3502 470 3555 medium
493 3501 562 3554 divi·
617 3502 661 3553 cui
688 3516 789 3554 nomen
820 3503 901 3558 κοῦκι,
932 3500 992 3553 cuci
1020 3499 1064 3555 66.

116 3568 169 3635 dou,
188 3587 223 3625 an
241 3572 262 3627 11
281 3589 307 3648 q.
328 3571 471 3629 dimidium
496 3572 562 3631 coll·
617 3571 725 3629 correxi
742 3587 793 3644 pro
813 3571 960 3628 cumino.
