2362 4178
183 407 225 470 14
344 476 350 497 l
586 401 739 459 Praefatio.

181 563 378 629 Guilermnm
400 563 553 644 Signerre
582 563 875 644 Rothomagensem
904 583 989 628 anno
1013 563 1138 630 domini

180 670 566 736 MOOOOLXXXXVIII.
601 668 654 734 die
684 670 749 733 XX
777 670 896 736 mensis
926 671 1070 735 Ianuarii
1104 668 1146 736 et

180 797 263 862 quae
290 776 434 842 Venetiis
461 777 575 840 MDIII
604 796 664 860 per
693 777 848 842 Ioannem
879 777 920 842 de
951 776 1069 842 Cereto
1093 776 1136 843 de

179 882 323 965 Tridino,
354 883 530 948 Tacuinum
560 883 641 947 alias
669 883 865 947 nominatum
896 889 928 948 ct
951 902 1035 965 quae
1058 885 1135 948 Ant·

179 991 311 1073 verpiae
323 1010 375 1073 ap.
391 990 472 1054 Rob.
488 989 629 1053 Bellaert
643 988 729 1071 typis
742 988 811 1053 Ioh.
827 972 978 1072 Gnaphei
993 990 1133 1054 MDXX.

178 1097 258 1163 meis
282 1096 382 1162 oculis
403 1093 471 1159 vidi
494 1100 526 1159 et
544 1094 820 1178 persuasissimum
835 1094 912 1158 mihi
929 1101 978 1160 est
996 1102 1134 1162 castres

179 1204 341 1270 sublestae
372 1221 445 1267 esse
473 1200 559 1283 fidei,
591 1221 663 1267 csse
686 1201 789 1266 minus
811 1202 925 1287 plenas
950 1206 983 1266 et
1004 1209 1134 1288 praeter

177 1310 333 1397 principis
354 1308 472 1374 menda
493 1308 662 1373 innumera
691 1308 769 1372 satis
792 1327 944 1389 magnum
966 1327 1132 1372 numerum

179 1435 320 1482 errorum
343 1415 515 1481 continere.
540 1435 639 1496 quare
662 1415 808 1502 principe
830 1415 918 1480 nisus
936 1415 1055 1480 multas
1068 1415 1132 1481 lec-

177 1523 281 1588 tiones
303 1521 392 1587 tenni
414 1540 498 1602 quae
519 1521 553 1586 in
574 1520 737 1587 listeriana
759 1520 878 1586 missae
908 1520 1001 1586 novis
1023 1521 1132 1589 inven-

177 1629 219 1694 tis
240 1617 451 1695 recesserant.
475 1627 616 1692 nondum
640 1626 767 1693 constiti
789 1646 894 1710 neque
917 1626 1006 1710 prius
1027 1626 1133 1694 destiti

178 1755 274 1818 quam
298 1735 517 1819 possedissem
546 1734 844 1815 humelbergianam
872 1732 1010 1820 (Tiguri.
1037 1735 1131 1801 1542.

177 1843 209 1907 4„
234 1849 267 1908 et
296 1841 434 1907 Londini
456 1843 541 1906 1705
568 1862 601 1927 p.
626 1842 668 1906 M.
692 1841 848 1906 Listerum
881 1847 913 1905 et
941 1840 1132 1908 torinianam

177 1948 340 2035 (Basileae
373 1949 468 2014 1541.
491 1949 522 2014 4.
552 1948 670 2013 Albani
691 1946 801 2011 Torini
829 1946 940 2032 cura).
972 1953 1008 2012 at
1039 1969 1134 2030 quam

176 2054 323 2140 improbe
346 2053 500 2137 deceptus
523 2057 609 2120 sum!
654 2053 873 2134 Humelbergii
901 2053 1019 2118 medici
1042 2057 1134 2121 turba

177 2161 418 2226 annotationum
441 2181 506 2225 non
529 2168 578 2226 est
600 2180 683 2243 quae
708 2165 891 2226 contextum
913 2166 1007 2225 sanet
1029 2168 1062 2228 et
1084 2182 1133 2227 su·

177 2267 260 2334 bitas
293 2267 506 2354 cogitationes
536 2272 671 2332 tueatur.
704 2266 861 2347 coquinae
893 2265 956 2330 tiro
991 2269 1133 2335 editione

176 2374 410 2440 mediolanensi
432 2393 508 2438 usus
532 2379 564 2438 et
583 2372 696 2439 codice
710 2372 927 2456 manuscripto
944 2393 1040 2454 quem
1057 2396 1132 2457 qua·

176 2480 327 2562 draginta
349 2480 475 2546 circiter
495 2480 575 2545 locis
598 2480 692 2545 affe1t
714 2484 747 2544 et
769 2479 890 2562 aliquot
908 2480 1008 2546 tacite
1027 2484 1132 2564 seqni-

175 2592 226 2650 tur
248 2586 361 2652 rudem
384 2587 476 2652 nobis
500 2591 683 2652 contextum
706 2585 871 2667 ministrat,
904 2592 1047 2652 attamen
1074 2608 1132 2674 pro

177 2692 348 2774 evangelio
387 2699 436 2758 est
473 2692 605 2774 vulgata
642 2711 736 2773 quam
768 2694 929 2774 corrigere
959 2693 1053 2758 nefas
1083 2694 1132 2759 sit

175 2797 278 2862 maius
302 2798 452 2864 damnum
474 2798 573 2864 literis
596 2799 755 2864 intulisset
774 2799 885 2864 Torini
908 2798 1027 2864 medici
1049 2798 1133 2865 fetus

175 2910 390 2989 portentosus,
420 2906 586 2989 (repetitus
609 2904 759 2987 Lugduni
783 2905 898 2970 eodem
921 2925 1006 2970 anno
1032 2906 1132 2994 loru)

175 3011 204 3078 si
226 3012 331 3094 magis
355 3013 559 3078 circumlatus
590 3018 684 3077 esset
717 3012 778 3077 iste
802 3012 972 3077 circulator
996 3018 1028 3077 et
1050 3012 1132 3078 frau-

175 3116 272 3183 dator
295 3138 359 3202 opo
381 3117 531 3184 editionis
554 3123 690 3183 venetae
710 3117 840 3182 alterius
857 3123 889 3182 et
905 3117 1028 3184 codicis
1045 3138 1132 3185 mon·
1174 3176 1177 3183 .

174 3225 335 3309 spelluani
365 3226 513 3309 Apicium
545 3244 563 3290 e
591 3223 732 3290 tenebris
761 3223 881 3290 eruisse
910 3229 943 3288 et
964 3245 986 3289 a
1007 3225 1133 3292 mendis
1174 3225 1177 3263 ²

174 3331 358 3399 vindicasse
386 3331 524 3413 simulat,
561 3352 603 3397 en
632 3329 793 3413 quaedam
823 3331 892 3397 eius
922 3332 1133 3415 praefationis

173 3457 279 3504 vanae
303 3457 396 3524 ,cum
419 3475 462 3487 -
486 3439 585 3503 multa
607 3439 823 3522 Monspessuli
851 3439 978 3505 curiose
1000 3459 1133 3523 agerem
1174 3437 1177 3516 ξ

177 3550 230 3630 ,st
251 3544 492 3612 accuratissime
504 3547 723 3630 observarem,
746 3545 780 3610 in
796 3546 902 3611 insula
916 3545 986 3612 urbi
1002 3549 1132 3632 propin·
1171 3520 1177 3602 ἶ
