2362 4178
183 456 223 523 18
496 525 500 532 ¹
583 451 735 515 Praefatio.

179 614 291 695 nescit,
323 614 374 680 vel
398 615 489 679 addit
511 614 553 680 de
576 635 633 680 suo
656 614 830 697 ingeniolo,
861 634 925 680 uon
954 613 997 681 de
1022 595 1152 684 codiee

181 721 234 803 qui
264 721 374 786 fabulo
405 727 462 800 est,
494 722 545 786 vel
577 721 692 804 repetit
723 740 847 786 errores
875 725 1015 804 apertos,
1047 721 1136 787 unde

180 845 252 891 eum
276 846 334 909 pro
358 826 469 892 merito
492 827 556 891 iam
580 826 736 909 castigavi
763 826 795 890 in
826 824 915 891 lahn.
941 825 1062 893 Archiv
1084 826 1136 893 fur

179 932 292 997 Philol.
317 953 347 1000 u.
372 933 495 1015 Pddag.
517 934 605 998 XIX.
631 953 662 1016 p.
683 933 758 998 213.
782 931 911 997 minime
932 938 1046 998 contra
1063 951 1134 1000 suc·

180 1051 348 1106 censemus
372 1040 453 1105 Gab.
479 1038 706 1121 Humelbergio
727 1037 774 1103 ita
791 1037 875 1102 inter
893 1036 958 1102 alia
972 1035 1135 1123 praefanti

182 1146 277 1230 ,quia
300 1144 556 1229 depravatissimi
579 1151 652 1211 sunt
674 1143 779 1228 Apicii
802 1142 883 1225 libri,
907 1143 997 1208 utin
1021 1142 1134 1228 quibus

179 1252 289 1336 „nulla
311 1252 353 1317 sit
375 1251 505 1336 pagina,
529 1252 593 1316 imo
609 1251 663 1316 vix
677 1269 742 1314 una
757 1253 817 1314 aut
829 1250 931 1316 altera
944 1249 1037 1332 quasi
1049 1249 1134 1316 linea

178 1378 266 1440 „non
285 1356 441 1423 mendosa
457 1363 489 1422 et
511 1355 696 1441 prodigiose
711 1363 872 1443 corrupta,
896 1354 979 1423 adeo
1004 1355 1133 1438 quidem

179 1469 238 1546 „ut
259 1464 363 1528 nullus
386 1462 461 1529 inde
484 1483 597 1531 sensus
629 1462 702 1529 elici
726 1482 787 1529 uec
810 1461 950 1528 auctoris
972 1481 1067 1529 meus
1087 1463 1133 1529 iu·

179 1569 304 1652 „telligi
317 1570 427 1653 possit,
451 1570 524 1636 hino
546 1568 819 1657 operaepretium
843 1588 915 1635 esse
937 1568 1016 1633 duxi
1039 1569 1132 1637 casti·

179 1674 302 1759 „gandi
318 1696 398 1741 onus
413 1676 576 1761 suscipere
594 1683 625 1742 et
645 1674 820 1741 emendare
835 1674 917 1740 illos.
941 1673 1059 1760 quodsi
1074 1673 1134 1741 luae

178 1782 424 1866 „castigatione
442 1802 505 1865 qua
515 1785 610 1849 etiam
626 1783 781 1848 minutula
789 1779 958 1867 quaedam,
976 1780 1035 1848 sed
1049 1801 1134 1867 quae

179 1890 353 1972 „lectorem
369 1895 576 1970 remorentur,
600 1888 821 1955 annotavimus
837 1895 870 1953 et
881 1888 1037 1972 pleraque
1059 1907 1133 1955 com

179 1996 382 2079 „niventibus
399 1995 498 2061 oeulis
513 1993 753 2076 transmisimus,
777 1993 926 2060 universo
941 1994 1033 2080 operi
1056 2013 1133 2060 non·

179 2100 276 2184 „dum
293 2100 375 2166 forte
392 2101 434 2166 ad
450 2102 578 2185 plenum
591 2099 789 2166 satisfactum
798 2099 903 2181 fuerit,
919 2106 1029 2166 tamen
1036 2119 1132 2166 nemo

178 2207 235 2291 „id
251 2228 350 2273 sanae
366 2208 482 2273 mentis
501 2215 577 2292 puto
594 2207 669 2273 vitio
693 2212 805 2287 vertet,
830 2226 901 2272 curn
920 2205 1069 2272 homines
1086 2205 1133 2272 'si-

179 2333 272 2398 „mus
296 2319 328 2380 et
351 2314 438 2378 nulla
461 2313 503 2379 sit
524 2313 696 2398 disciplina
718 2318 773 2377 aut
795 2332 848 2378 ars
872 2317 964 2395 quae*
978 2310 1133 2394 singulari

178 2425 420 2503 ,‚consummata
443 2421 484 2484 sit
505 2421 646 2501 ingenio.
671 2425 867 2505 quapropter
896 2425 931 2483 ut
958 2417 992 2483 in
1014 2436 1134 2499 magna

178 2525 283 2609 „silva
297 2526 373 2591 boui
389 2527 552 2591 venatoris
570 2531 619 2592 est
634 2523 828 2605 indaganter
847 2523 933 2590 ieras
953 2542 1048 2608 quem
1065 2523 1133 2607 plu·

178 2632 297 2714 „rimas
321 2650 439 2715 capere
456 2652 516 2698 nec
538 2632 685 2713 cuiquam
709 2629 825 2714 culpae
848 2629 907 2694 tuit
934 2649 999 2694 non
1024 2647 1135 2695 omnes

177 2737 344 2824 „cepissez
369 2737 414 2802 ita
429 2737 523 2804 nobis
542 2737 620 2804 satis
636 2734 829 2818 abundeque
843 2733 941 2802 iuerit
964 2754 1022 2822 pro
1045 2734 1134 2818 inge·

177 2843 244 2926 „nii
260 2843 359 2909 nostri
376 2843 495 2909 viribus
511 2843 682 2908 maximam
705 2848 830 2925 partem
854 2846 887 2907 et
906 2846 1059 2926 quantum
1079 2859 1133 2926 po

178 2950 241 3034 „tis
254 2951 312 3014 t'uit
324 2950 532 3034 praestitisse,
555 2969 627 3015 eum
643 2949 804 3014 etiamnon
822 2947 979 3014 assecutis
993 2947 1135 3013 voluisse

177 3055 329 3140 „abunde
352 3057 496 3142 pulcrum
519 3062 616 3138 atque
640 3054 847 3138 magnifieum
870 3054 921 3136 sit,
947 3054 1134 3141 praesertim
1177 3086 1179 3153 ζ

175 3164 230 3246 „iu
246 3169 360 3228 retum
377 3161 488 3244 ardua,
513 3163 544 3226 in
565 3181 630 3245 qua
645 3161 697 3228 vel
717 3161 864 3245 Lynceus
882 3159 1042 3246 quispiam
1062 3178 1134 3245 per·
1177 3163 1179 3167 '

175 3267 435 3356 „spioacissimus
454 3274 510 3333 aut
527 3269 632 3351 Argus
658 3267 902 3349 oculatissimus,
927 3264 1048 3332 nedum
1072 3267 1133 3332 lua·

176 3377 303 3462 „ciosus
327 3376 441 3461 aliquis
465 3374 566 3441 oculis
596 3373 734 3462 lippiens
765 3373 934 3461 plurimum
970 3373 1134 3440 caecutire

156 3483 308 3571 ,possit
333 3501 433 3568 quare
449 3481 476 3547 si
493 3480 570 3562 quid
586 3480 741 3562 reliquum
766 3487 816 3548 eat
838 3486 871 3546 et
892 3500 913 3545 a
931 3479 1027 3547 nobis
1040 3499 1133 3568 prae

174 3591 386 3680 „termimum
410 3589 465 3655 ulii
488 3588 542 3674 qui
570 3587 735 3670 vegetiora
751 3592 824 3655 sunt
845 3586 977 3671 iugenio
1000 3585 1035 3652 id
1057 3604 1133 3676 sup
