2362 4178
115 355 118 358 ·
190 396 234 466 74
447 432 454 441 ·
506 398 568 457 Lib.
583 398 630 455 IV.
659 398 825 457 Pandectes.

189 559 305 627 fundes
334 559 515 642 liquaminis
546 562 663 627 ciatum
694 581 790 627 unum
822 560 940 650 [semis]
975 569 1008 629 et
1034 583 1130 630 sucum

188 670 248 735 per
272 650 376 715 colum
401 650 531 716 colabis.
559 651 701 734 accipies
722 653 882 716 cerebella
898 653 952 719 IV.
976 653 1130 719 enervabis

191 745 224 806 et
246 745 332 804 teres
354 738 476 822 piperis
499 738 656 823 scripulos
680 741 767 804 VIII.
797 740 962 806 suffundas
991 763 1033 808 ex
1055 761 1130 821 suco,

188 827 329 908 fricabis,
348 834 463 910 postea
479 848 541 892 ova
556 829 643 895 vlll.
660 827 802 910 franges,
822 829 888 893 vini
905 830 1022 895 ciatum
1037 850 1131 910 unum,

189 917 277 1000 passi
309 917 424 982 ciatum
456 936 551 980 unum
584 923 615 981 et
638 917 701 982 oiei
724 917 894 984 modicum.
924 926 1041 1002 postca
1062 919 1131 1003 pati-

189 1026 265 1069 nam
287 1024 471 1089 perungues
496 1012 527 1071 ct
547 1026 622 1100 eam
645 1006 781 1089 inpones
802 1006 908 1072 cinere
927 1007 1034 1074 calido
1051 1014 1081 1074 et
1094 1007 1132 1072 sic

190 1093 362 1177 inpensam
386 1113 484 1175 supra
507 1094 659 1177 scriptam
682 1095 797 1159 mittes.
831 1116 902 1160 cum
934 1103 1029 1162 cocta
1049 1095 1133 1162 fuerit

187 1181 222 1247 in
244 1182 472 1265 termospodio,
503 1183 625 1267 piperis
656 1184 821 1267 pulverem
851 1204 951 1269 super
973 1183 1133 1272 adspargis

189 1277 222 1338 et
242 1270 370 1337 inferes.
448 1310 451 1315 ·

258 1362 330 1425 130.
373 1358 563 1424 Patinam
598 1359 644 1425 de
680 1361 920 1427 cucurbita:
965 1362 1133 1428 cucurbitas

191 1449 293 1516 elixas
317 1455 349 1515 et
370 1448 481 1513 frictas
503 1448 536 1513 in
558 1449 670 1533 patina
690 1469 865 1533 caupones,
890 1450 1073 1517 ciminatum
1091 1463 1133 1516 su·

189 1537 375 1621 perfundes,
405 1536 532 1603 modico
565 1539 637 1604 oleo
669 1557 767 1621 super
797 1538 926 1605 adiecto
949 1538 1075 1607 fervere
1095 1538 1134 1605 ia

189 1627 256 1693 cias
281 1634 312 1693 et
334 1627 462 1691 inferes.

258 1717 331 1782 131.
356 1714 505 1780 Patina
529 1714 577 1781 de
601 1734 724 1798 apua:
750 1735 867 1799 apuam
890 1714 992 1795 lavas,
1019 1716 1134 1781 exoleo

190 1825 348 1886 maceras,
380 1805 412 1868 in
446 1822 581 1869 cumana
615 1824 789 1888 conpones,
819 1803 942 1869 adicies
967 1805 1080 1886 oleum,
1105 1805 1134 1869 li·

189 1912 338 1974 quamen,
362 1893 480 1974 vinum,
512 1893 628 1975 alligas
650 1890 822 1958 fasciculos
849 1901 941 1958 rutae
965 1901 998 1959 et
1021 1892 1135 1976 origani

695 2068 773 2123 libris
792 2069 953 2153 estrosis,
971 2069 1045 2124 unde
1061 2070 1135 2124 corr'r

695 2156 747 2209 gas
766 2155 894 2207 accipe
910 2141 1135 2210 errorisquia

189 2073 280 2122 tarum
305 2083 388 2124 sucus
413 2073 457 2123 est
482 2085 537 2136 quo
556 2068 641 2122 maxi-

191 2156 235 2194 me
261 2141 396 2195 consistit.
423 2139 556 2194 libromm
583 2146 641 2204 „to-

190 2211 244 2266 ris¹⁴
264 2211 303 2265 nil
321 2212 398 2266 aliud
417 2211 471 2265 erit
488 2212 540 2265 nisi
568 2217 641 2274 ,tor-

190 2283 244 2337 ris“
264 2283 445 2337 catonicis
465 2282 640 2344 carbonibus,

189 2353 261 2408 vivis
279 2354 402 2408 torribus
430 2352 535 2407 Valerii
554 2353 594 2406 Fl.
614 2354 640 2416 3,

190 2425 248 2478 115.
268 2424 313 2473 cin²
331 2424 475 2488 ἅνθρακιᾶς,
495 2422 640 2478 uibabeas

188 2492 338 2562 ἅνθρακίδα,
362 2496 453 2549 cibum
472 2510 556 2562 supra
574 2511 638 2563 pru-

187 2581 224 2620 na
248 2571 357 2621 coctum
382 2566 477 2634 sicque
499 2566 536 2619 ad
556 2566 637 2620 eden-

188 2637 268 2692 dum'
283 2636 399 2690 illatum.
438 2635 564 2690 Clemens
589 2635 636 2689 Al.

187 2708 270 2774 paed.
296 2708 323 2768 3,
347 2709 372 2768 5,
391 2708 434 2759 31.
460 2707 532 2760 inter
557 2707 637 2761 luxus

187 2778 371 2832 instrumenta
390 2775 524 2845 ἓσχαρίδας
541 2776 637 2843 &viod-

188 2866 240 2897 κων
263 2853 390 2902 recenset
415 2853 444 2902 et
462 2847 568 2902 Seneca
585 2849 636 2916 Ep.

188 2919 232 2980 95,
256 2919 298 2971 26.
325 2919 454 2972 irascitur
483 2919 559 2986 quod
584 2919 639 2973 cibi

187 2988 224 3044 ab
249 2991 311 3057 ipso
337 2990 401 3057 igne
422 2991 450 3042 in
469 3006 502 3043 os
520 2988 638 3043 transfe-

187 3066 293 3122 runtur,
314 3060 376 3114 coll.
397 3061 491 3122 78AE
511 3060 636 3123 NatQu.

185 3131 212 3195 4,
233 3133 274 3194 13,
294 3132 318 3185 9.
345 3132 391 3199 qui
416 3136 448 3184 ut
470 3131 560 3184 minus
578 3147 637 3184 mo-

185 3202 250 3257 lesti
269 3208 371 3264 essent,
389 3201 511 3256 luriones
526 3200 637 3255 fuerunt

186 3273 233 3341 qui
258 3273 293 3327 iis
318 3271 526 3327 assuefacerent
550 3272 636 3325 mani-

184 3342 237 3398 bus
261 3343 289 3397 in
314 3342 450 3397 calentem
469 3358 570 3411 aquam
590 3343 637 3396 de-

184 3414 276 3468 missis
301 3419 331 3468 et
353 3429 402 3468 ore
431 3429 516 3480 saepe
545 3413 637 3467 calida

185 3485 299 3539 colluto.
320 3482 356 3540 cf.
375 3482 479 3538 Athen.
498 3485 522 3546 1,
541 3486 565 3537 9.
585 3499 636 3537 nos

184 3555 222 3610 ad
248 3555 309 3610 408.
337 3584 371 3595 -
399 3571 451 3623 pro
479 3569 583 3609 rosas
607 3555 635 3608 in

695 2212 818 2280 optimae
836 2215 945 2265 tantum
965 2212 1136 2266 sumebantm

693 2283 719 2336 4.
747 2282 865 2336 album
890 2282 958 2336 uti
982 2289 1027 2337 est
1046 2283 1135 2352 unguis

695 2354 816 2407 candida
834 2353 916 2406 Plinii
928 2354 972 2416 21,
987 2355 1046 2408 121.
1065 2352 1136 2415 λοβὸς

695 2423 803 2486 Galeni,
827 2425 888 2482 ὄνυξ
914 2424 1009 2480 Diosc.
1033 2426 1058 2488 1,
1083 2425 1134 2479 1311

693 2497 739 2563 qui
749 2496 860 2561 χυλίζειν
873 2493 914 2582 δἐἰ
926 2494 955 2545 ui
971 2493 1057 2545 ἅπαλᾶ
1071 2495 1133 2582 oe'rrp-

691 2569 931 2703 1530‘30‘23522'5'522
939 2567 988 2688 it
988 2569 1133 2689 tutti

692 2707 720 2757 tv
737 2711 773 2774 τῷ
795 2707 887 2774 φύλλῳ.
914 2709 1026 2764 demere
1045 2709 1134 2764 eaden

692 2779 727 2833 de
747 2795 776 2832 re
794 2794 837 2847 ap.
857 2778 920 2833 Ael.
936 2778 1030 2848 Spart.
1040 2781 1068 2835 in
1077 2778 1133 2834 Aa

691 2849 756 2904 Ver.
776 2852 800 2903 5.
827 2879 860 2887 -
884 2851 994 2906 semis
1013 2852 1041 2905 in
1059 2851 1134 2920 pluri·

691 2920 744 2974 bus
763 2921 851 2974 deest.
906 2935 908 2941 ·

691 2991 949 3128 ,tataros
959 2991 1134 3130 1111111

691 3129 714 3183 δ,
734 3132 963 3199 apabadiade
989 3133 1034 3188 ed.
1052 3151 1093 3204 pr.
1111 3134 1157 3191 in.

690 3204 1032 3340 31012510111311‘21
1046 3209 1135 3343 Ρὲἑῗῗ

690 3344 890 3434 beornrade,
918 3351 951 3399 ut
977 3347 1135 3431 capucia

690 3414 792 3484 aphya
817 3436 894 3479 αφυη,
919 3431 1009 3485 geum
1037 3431 1136 3471 mummr

689 3485 824 3568 pisciculi,
867 3485 956 3540 salmo
993 3487 1136 3556 eperinnus

689 3555 748 3609 Lm.
768 3557 911 3626 spicriing‚
929 3558 1058 3623 schmslt,
1080 3574 1136 3614 curn
