2362 4178
461 415 613 473 Praefatio.
971 418 1012 483 13

48 579 177 665 pathia,
202 577 408 659 gastrologia,
433 576 650 659 gastronomia
679 581 831 641 veterum.
861 574 944 641 inter
966 583 1013 641 ta·

49 688 97 752 lia
120 686 172 750 Tn
196 704 237 749 ex
260 704 311 748 me
335 683 488 764 quaesisti
511 681 587 764 quid
612 702 652 747 ex
675 682 788 765 Apicio
809 702 881 748 eam
896 683 1010 750 inrem

50 794 251 858 lucraremur
273 789 384 870 sicque
407 809 458 854 me
483 788 622 855 medium
646 789 784 854 tenuisti.
807 791 924 855 rubore
941 810 1012 873 per·

52 899 144 964 fusus
168 897 264 963 balbe
294 896 496 979 pronuntiavi
519 895 686 981 scripsisse
710 914 781 960 eum
806 895 847 959 de
871 897 1012 979 opsoniis

55 1011 89 1072 et
111 1002 334 1082 condimentis,
360 1000 418 1067 sed
442 1001 547 1067 adhue
571 1021 612 1067 no
632 1021 727 1065 unum
744 1000 872 1082 quidem
889 1023 941 1068 me
958 1023 1012 1068 ox-

57 1111 198 1195 emplum
229 1108 349 1173 vidisse
378 1114 474 1191 atque
497 1107 583 1172 illico
606 1107 774 1190 pignerari
798 1106 937 1172 edulium
960 1129 1013 1192 sy-

56 1235 248 1283 racusanum
272 1213 359 1298 quod
382 1213 501 1278 dudum
516 1212 663 1278 illexerat
683 1214 792 1279 oculos
808 1213 851 1279 ad
866 1214 1013 1301 Apicium

58 1321 280 1389 coemendum.
313 1319 451 1386 omniurn
482 1319 731 1400 antiquariorum
766 1320 923 1402 catalogis
957 1341 1016 1408 per

57 1430 167 1513 plures
191 1447 318 1493 menses
342 1425 541 1510 perlustratis
564 1425 695 1490 tandem
718 1426 850 1492 sublatis
869 1427 1015 1494 manibus
1078 1408 1087 1589 J

60 1536 130 1623 cepi
156 1533 329 1601 editionem
352 1531 467 1598 histeri
496 1531 671 1597 secundam
695 1552 778 1614 qnae
800 1532 919 1617 prodiit
941 1535 1015 1600 Am·

61 1639 231 1708 stelodami
264 1639 358 1705 1709.
390 1638 422 1702 in
453 1638 543 1704 coelo
574 1637 629 1718 lui,
662 1637 824 1720 devoravi,
857 1632 1015 1706 somniavi
1078 1592 1086 1721 l

62 1768 199 1831 coquum
223 1752 255 1812 et
278 1745 424 1811 culinam.
449 1751 482 1810 at
504 1743 614 1827 primis
637 1742 750 1811 diebus
766 1745 832 1810 vidi
848 1744 900 1812 hic
914 1748 1015 1814 rarius
1083 1724 1091 1762 ⁸

62 1853 204 1922 conchas
226 1852 383 1935 legendas
415 1858 447 1918 et
476 1871 587 1918 verum
613 1871 684 1918 esse
716 1853 769 1934 qui
791 1854 906 1920 nucleo
929 1856 1018 1922 vesci

62 1961 140 2026 velit
171 1960 201 2026 ei
230 1957 444 2040 frangendam
472 1978 586 2024 nucem
618 1963 650 2024 et
679 1959 801 2026 solatus
831 1961 885 2025 illo
916 1961 1020 2028 ardna

64 2086 135 2132 esse
159 2085 244 2148 quae
268 2065 402 2147 egregia
426 2065 520 2130 etiam
544 2065 611 2130 vidi
641 2085 693 2130 me
717 2086 781 2131 non
804 2067 875 2133 fore
898 2069 1019 2134 stultio-

63 2193 132 2239 rem
162 2191 259 2254 quam
288 2170 482 2253 Meletidem‚
514 2171 541 2236 si
572 2171 686 2255 Apicio
717 2172 832 2238 misere
869 2174 1019 2256 neglecto

63 2277 184 2344 auxilio
214 2276 358 2342 venirem
388 2284 463 2363 post
491 2282 539 2343 tot
568 2282 706 2342 virorum
734 2277 877 2343 remedia
901 2284 1020 2344 ettam

65 2383 121 2449 diu
155 2382 316 2450 oblivione
351 2383 509 2466 sepultum
544 2384 784 2465 resuscitarem,
820 2385 1023 2450 resuscitavit

66 2491 151 2558 enim
174 2508 376 2571 nequaquam
399 2490 589 2555 novissimus
622 2488 724 2554 editor
746 2489 910 2556 Bernhold
934 2491 1023 2557 cuius

65 2616 185 2661 nomen
207 2601 318 2661 tacere
341 2595 454 2661 melius
486 2602 544 2661 est.
576 2595 733 2674 commovi
755 2596 852 2677 igitur
875 2616 969 2662 sacra
992 2603 1025 2663 et

66 2701 154 2788 qnod
177 2702 252 2793 volo
276 2707 420 2767 sanctum
445 2707 494 2767 est
518 2709 551 2769 et
574 2723 698 2768 omnem
722 2702 807 2767 movi
824 2703 964 2787 lapidem
982 2724 1025 2770 ne

66 2807 219 2874 caderem
232 2807 265 2873 in
281 2827 385 2889 cursu,
404 2807 463 2873 sed
480 2828 613 2892 scopum
629 2809 819 2891 attingerem
835 2830 906 2875 meo
923 2810 1025 2876 Marte

65 2933 240 2999 peragens.
255 2911 311 2977 diu
322 2933 435 2995 agrum
453 2915 592 2980 sterilem
609 2916 693 2981 colui
705 2922 736 2982 ot
751 2916 894 2999 lapidem
909 2917 1025 2982 elixavi
1106 2900 1110 2906 ¹

67 3027 100 3088 et
122 3020 229 3087 undas
259 3021 432 3086 numeravi.
460 3022 564 3104 magis
593 3021 744 3088 secundis
767 3023 847 3088 velis
871 3023 1027 3106 navigare

66 3134 216 3212 poteram
241 3147 282 3193 ex
306 3147 369 3208 quo
392 3138 505 3193 nactus
528 3149 597 3194 sum
621 3129 793 3195 editionem
810 3131 948 3195 omnium
971 3151 1026 3196 an·

67 3234 281 3316 tiquissimam
311 3234 500 3317 impressam
530 3234 673 3300 Venetiis
703 3255 763 3319 per
796 3236 1027 3302 Bernardinnm

69 3340 231 3408 Venetam
255 3339 325 3406 sine
344 3360 440 3420 anno,
465 3346 514 3405 est
537 3341 620 3406 enim
640 3341 760 3407 vicaria
778 3342 898 3408 codicis
917 3342 1026 3408 nescio

68 3450 161 3515 cuius
186 3467 378 3534 quamquam
401 3468 466 3512 non
490 3446 662 3512 admodum
687 3448 771 3514 boni.
805 3468 845 3513 ex
876 3469 916 3513 ea
938 3468 1027 3515 recu·

68 3576 140 3623 sam
171 3574 247 3623 esse
277 3575 360 3639 quae
391 3554 510 3640 prodiit
540 3554 715 3621 Mediolani
753 3574 811 3642 per
841 3554 1029 3637 magistrum
