2362 4178
367 112 426 176 Lib.
446 116 494 175 1v.
531 119 693 178 Pandeetes.
981 119 1024 192 85

33 306 36 311 ·
87 275 138 345 ium
154 277 269 362 mittes,
302 279 376 348 exin
401 277 609 368 [condituram
633 279 674 348 de
696 278 843 370 hostreis]
866 279 968 350 iacies
991 289 1025 351 ut

82 363 203 435 terreat
236 387 309 434 cum
340 367 501 450 fervuerit,
532 370 663 452 franges
695 391 757 436 ova
784 371 842 437 XI
874 370 1024 440 infundes

64 474 168 612 sppra
200 457 339 524 bostrea.
376 477 447 524 oum
482 459 653 540 strinxerit,
689 459 782 544 piper
812 460 961 545 aspargis
993 467 1025 528 et

51 565 83 612 ι
116 565 196 612 eres.

160 635 417 701 152.Pat't1na
445 634 494 702 de
516 635 637 718 pisce
660 637 776 719 lupo.
812 640 897 701 teres
919 637 1023 721 piper,

69 722 227 806 ciminum,
259 724 489 808 petresilinum,
521 731 633 806 rutam,
667 745 789 813 cepam,
822 731 894 806 mel,
923 726 1023 808 liqua-

65 833 152 894 men,
175 831 316 896 passum,
341 813 404 879 olei
426 819 541 896 guttas.

138 902 210 966 153.
246 901 394 968 Pisces
418 901 667 985 scorpiones
695 901 936 987 rapulatosr
972 922 1023 968 co·

64 989 138 1072 quis
161 989 195 1055 iu
217 989 392 1072 liquamine
416 995 448 1055 et
471 991 542 1057 oleo
568 998 599 1056 et
623 1011 693 1056 cum
716 990 749 1054 in
768 988 905 1055 mediam
927 1009 1022 1056 vene·

63 1079 130 1144 rint
147 1085 319 1160 cocturam,
343 1080 446 1145 tolles.
494 1099 591 1165 rapas
612 1080 723 1159 elixas,
749 1077 897 1144 madidas
918 1084 950 1145 et
967 1079 1023 1144 mi·

62 1167 231 1255 notissime
255 1168 402 1234 concisas
427 1167 572 1233 manibus
593 1167 807 1253 depressabis,
831 1175 865 1232 ut
880 1187 1024 1234 umorem

62 1276 132 1321 non
155 1256 306 1338 habeant,
339 1262 371 1323 et
401 1277 472 1322 cum
495 1256 584 1341 pisce
609 1257 734 1338 obligas
764 1263 795 1320 et
819 1257 930 1321 bulliat
953 1277 1024 1322 cum

62 1346 140 1411 oleo
163 1343 303 1411 abunde.
329 1352 454 1410 etcum
479 1345 626 1426 bulliorit,
651 1351 736 1409 teres
760 1344 917 1424 ciminum,
942 1344 1024 1409 lauri

62 1437 182 1499 bacam
214 1432 389 1514 dimidiam,
422 1433 525 1498 addes
555 1440 687 1519 propter
716 1432 855 1498 colorem
885 1452 1022 1498 crocum.
1087 1458 1092 1466 ·

62 1523 224 1588 amolabis
248 1520 290 1587 de
314 1522 416 1587 oridia
438 1521 831 1607 propterspissitudiuem.
857 1520 1023 1608 superlun-

62 1611 125 1677 das
149 1617 182 1677 et
203 1617 278 1676 tunc
304 1610 432 1676 inferes.
457 1610 560 1676 addes
583 1610 742 1675 modicum
766 1617 901 1677 acetum

62 1788 138 1844 anim
152 1792 270 1842 eatenus
285 1787 519 1842 circumcideban-

62 1867 110 1914 tur
123 1873 179 1927 qua
190 1858 355 1920 edebantur,
367 1857 463 1913 Sanco.
475 1874 518 1925 ep

63 1932 108 1992 15,
127 1931 153 1994 3,
170 1930 213 1983 27.
234 1959 267 1966 —-
288 1929 378 1984 simile
396 1931 438 1984 ius
459 1930 518 1983 128.

63 2002 100 2057 de
132 1999 283 2069 liquamine
314 2001 357 2054 bis
391 1999 518 2054 adhibito

61 2071 177 2126 ibidem.
198 2069 234 2126 ci.
255 2077 285 2126 et
305 2072 363 2124 169.
382 2101 412 2108 -
441 2072 519 2126 exin

63 2159 135 2198 corr.
155 2157 208 2210 pro
228 2147 264 2196 st
283 2141 330 2195 in.
351 2142 518 2209 compositio

61 2212 269 2275 haeevideturr
282 2227 453 2296 oenogarum
465 2211 518 2266 fer-

61 2283 216 2346 arefactum,
228 2289 359 2368 constans
370 2284 516 2351 expipere,

61 2355 224 2424 liquamine,
234 2353 309 2416 vino
320 2354 518 2408 oleoetostre-

62 2427 96 2489 is‚
119 2439 205 2493 snper
229 2424 329 2492 pulpas
350 2422 514 2479 subassatas

62 2495 192 2581 denticis,
218 2500 334 2549 auratae
360 2501 388 2549 et
407 2495 517 2564 mugilis

61 2568 90 2621 in
109 2567 236 2635 patinam
261 2566 381 2619 mittitur
401 2581 518 2634 cumque

61 2638 92 2691 id
117 2635 263 2699 ferbuerit,
289 2652 344 2690 ova
369 2636 454 2710 cruda
477 2637 515 2690 in-

62 2706 516 2762 fundunturetcumtotumstriu-

61 2779 135 2833 xerit
164 2793 214 2831 seu
241 2777 312 2831 bene
341 2777 461 2839 duxerit,
488 2778 516 2832 in

61 2864 147 2903 unum
158 2853 286 2902 coactum
294 2846 379 2902 fuerit
390 2848 437 2916 (ad
444 2848 516 2913 147),

60 2920 158 2988 pipere
172 2932 287 2986 asperso
301 2916 426 2972 infertur.
440 2934 516 2972 con-

60 2989 219 3044 dituram
239 2989 279 3043 de
295 2988 457 3042 bostreis
475 2989 516 3041 in·

60 3064 311 3128 terpretamentum
332 3060 412 3113 vocis
431 3075 515 3113 oeno-

59 3146 160 3199 garum
190 3129 290 3184 habeo.
320 3145 426 3197 super
454 3129 515 3183 bo-

60 3209 164 3255 strea
182 3215 267 3267 super
286 3199 459 3254 condituram
478 3201 514 3255 de

60 3271 183 3331 hostreis
202 3277 231 3326 et
249 3270 372 3344 pulpam.

627 1787 664 1841 ad
679 1788 739 1842 152
758 1788 865 1857 lupus
884 1804 968 1856 perca
984 1790 1023 1843 la

573 1857 643 1912 brux
668 1860 726 1913 Lin.
753 1859 848 1927 λάβρα
820 1861 848 1907 ai
872 1857 976 1914 Athen
998 1861 1023 1923 7,

573 1931 615 1982 86.
628 1931 670 1982 87.
691 1931 803 1984 Lucian
816 1932 914 1998 piscat
925 1930 970 1988 48
984 1900 1023 1985 ati

573 2001 669 2054 Horat.
690 2017 768 2054 serm
790 2003 815 2063 2,
831 2002 856 2062 2,
870 2001 914 2054 31
933 2016 1022 2056 meer-

573 2070 646 2126 wolf
660 2071 751 2125 adbuc
769 2071 856 2126 audit.
932 2089 936 2095 ’

626 2142 662 2195 ad
692 2143 750 2195 153.
787 2157 821 2197 aa
854 2142 1021 2209 compositio

573 2228 634 2266 cum
644 2213 824 2280 sequentibus
834 2213 870 2266 ad
883 2214 942 2266 165.
957 2219 1022 2268 sunt

573 2298 607 2337 ex
622 2283 777 2351 Excerptis.
796 2284 907 2351 scorpio
918 2288 948 2336 ut
959 2284 1019 2337 475.

572 2353 738 2408 Aristotelis
757 2355 930 2423 aliorumque
948 2371 1021 2422 σκορ-

573 2444 600 2473 m
594 2431 639 2485 ιὀς,
658 2426 739 2479 Plinii
754 2427 798 2488 32,
813 2427 872 2479 151.
892 2441 1020 2492 scorpae-

572 2510 616 2557 na,
636 2495 735 2550 Okenii
750 2511 1021 2564 scorpaenaporcus,

572 2565 771 2634 dracbenkopf.
783 2566 973 2635 rapulatos
987 2583 1020 2622 ex

571 2637 675 2703 rapulis
695 2652 716 2690 s.
736 2639 811 2705 rapis
827 2644 1018 2705 praeparatos.

571 2706 666 2761 lexicis
685 2707 767 2762 adde.
787 2708 887 2763 cocis
906 2708 1019 2763 cedde

571 2792 626 2844 qua
651 2792 719 2831 vera
742 2779 821 2833 verbi
852 2777 942 2832 forma
971 2777 1019 2831 alii

570 2848 707 2901 dixerunt.
739 2865 812 2902 cum
841 2848 1019 2902 mediave-

570 2919 643 2973 rint
662 2925 812 2973 coctura
832 2920 893 2974 cod.
919 2920 951 2972 in
969 2920 1015 2973 ab·

570 2994 695 3056 sorptum
714 2990 811 3044 addidi
828 2996 857 3044 et
867 2990 973 3045 correxi
984 3005 1019 3044 ex

569 3060 631 3112 369.
651 3065 688 3113 ut
702 3059 1017 3116 umoremnonbab.

569 3136 600 3183 ut
619 3130 814 3184 exbromentur
825 3132 885 3183 216.
899 3137 934 3186 et
947 3145 1018 3184 cum

568 3216 637 3254 corr.
657 3216 708 3268 pro
735 3203 850 3255 otiam.
880 3232 911 3239 -
937 3201 1017 3256 bul·

567 3271 652 3325 livit
682 3271 743 3326 cod.
777 3272 815 3327 ad
839 3273 883 3328 50.
915 3272 1017 3332 ι1ἰιιιὶ·
