2362 4178
192 406 235 469 94
508 404 568 458 Lib.
580 403 631 462 IV.
657 403 824 459 Pandectcs.

261 565 333 627 177.
364 563 539 626 llinntal
563 583 611 627 ex
634 562 902 627 iocineribus
928 567 968 627 ct
989 560 1119 645 palme
1174 564 1177 600 ÷

191 651 312 715 nibus
340 651 518 735 leporis:
549 652 692 716 invenies
721 652 802 716 inter
834 650 964 735 lepores
989 647 1121 731 quemad·

190 739 319 802 modum
348 738 461 802 facies
491 738 613 803 adicies
642 739 675 802 in
699 740 875 803 caccabum
900 737 1069 819 liquamen,
1089 738 1124 801 vl·

191 846 276 906 num,
301 826 416 904 oleum,
449 834 579 890 coctura
601 847 728 911 porrum
753 832 785 891 et
810 825 1014 891 coriandrum
1037 825 1127 891 conci

191 933 272 993 sum,
295 915 387 979 isicia
410 915 539 994 minuta,
563 916 723 999 spatulam
746 914 915 998 porcinam
936 920 1060 979 coctam
1077 921 1129 978 tes

191 1002 328 1066 sellatim
359 1002 519 1067 concisam
551 1003 640 1066 etin
666 1002 802 1067 cundem
827 1003 1003 1067 caccabum
1027 1003 1142 1067 mittes·

191 1090 267 1154 dum
290 1091 442 1174 coquitur,
466 1098 550 1155 teres
568 1090 672 1174 piper,
692 1091 872 1172 ligisticum,
894 1092 1073 1173 origanum,
1091 1090 1133 1154 ius

192 1178 233 1243 de
263 1199 321 1244 suo
352 1179 424 1257 sibi,
455 1179 529 1242 vino
560 1184 593 1243 et
622 1199 720 1261 passo
749 1179 955 1264 temperabis.
984 1178 1086 1245 facies
1106 1185 1134 1243 ul

190 1267 324 1333 ferveat.
347 1287 419 1332 cum
441 1265 602 1346 senuerit,
625 1274 759 1332 tractam
783 1266 968 1348 confringes
994 1273 1028 1332 ct
1049 1287 1135 1333 exea

192 1356 326 1436 obligas.
350 1357 444 1439 piper
465 1356 614 1441 aspargis
637 1362 669 1421 et
690 1355 820 1421 inferes,

261 1445 333 1509 178.
369 1444 547 1508 Minutal
571 1464 616 1509 ex
639 1444 766 1509 rosis:
798 1442 915 1510 eodem
937 1443 1009 1510 iure
1032 1461 1135 1528 supra

191 1533 321 1619 scripto,
344 1531 404 1597 sed
425 1551 556 1614 passum
578 1533 652 1617 plus
673 1532 805 1598 adicies.

260 1623 333 1686 179.
359 1619 569 1710 [Tisanam
591 1622 659 1685 vel
682 1619 831 1708 sucum]
866 1620 1066 1685 Tisanam
1095 1620 1136 1686 sic

189 1708 309 1775 facies:
332 1710 469 1773 tisanam
491 1709 631 1774 lavando
655 1709 753 1774 fricas
776 1729 874 1791 quam
896 1714 973 1774 ante
993 1708 1080 1774 diem
1096 1710 1138 1774 in·

190 1797 307 1880 fundis,
329 1799 465 1881 inpones
483 1817 580 1880 snpra
600 1799 708 1878 ignem
728 1797 877 1864 calidum.
898 1816 971 1863 cum
994 1797 1137 1878 bullierit,

186 1886 296 1951 mittes
327 1887 389 1949 olei
420 1886 497 1950 satis
521 1893 553 1951 et
576 1887 663 1951 aneti
686 1885 847 1951 modicum
867 1886 1069 1967 fasciculum,
1092 1906 1138 1952 cc

190 1994 266 2056 pam
289 1975 417 2054 siccam,
442 1976 612 2038 satureiam
643 1982 676 2039 et
697 1975 848 2058 puleium,
880 1980 915 2038 ut
936 1975 982 2039 ibi
1006 1994 1139 2058 coquan-

190 2068 248 2125 tur.
272 2068 403 2145 propter
425 2081 536 2126 sucum
559 2064 664 2128 mittes
687 2063 889 2128 coriandrum
914 2062 1018 2128 viride
1039 2069 1073 2129 et
1094 2082 1139 2127 sa-

190 2219 253 2274 dem
281 2219 440 2274 caccabum
467 2250 498 2257 -
526 2220 636 2275 infer·
688 2220 860 2287 p.416,14„
882 2221 909 2274 11
927 2222 1064 2291 pm&
1083 2223 1140 2284 269,

191 2301 273 2344 veat
298 2307 332 2344 ex
351 2311 366 2356 y
384 2291 427 2344 ed
454 2307 496 2358 pr.
514 2308 566 2358 pro
585 2293 635 2344 in·
690 2291 731 2343 16.
751 2288 1139 2361 sendooamrripersicaGco

191 2360 358 2415 ferveant
377 2368 406 2416 et
424 2360 602 2415 ferveant.
688 2377 754 2428 pon.
776 2363 817 2423 lb,
840 2364 882 2424 13,
903 2365 946 2418 15.
965 2379 1029 2418 cum
1044 2365 1140 2432 interp.

242 2432 280 2484 ad
301 2433 360 2484 177.
394 2431 473 2485 deest
491 2432 519 2484 in
540 2437 581 2484 fta.
603 2462 633 2468 —
689 2444 718 2485 et
737 2432 849 2485 Comar.
869 2433 1052 2503 adAeginet
1065 2435 1090 2496 1,
1099 2434 1138 2487 81.

190 2501 247 2555 tale
266 2501 387 2555 edulium
408 2502 521 2555 Graecis
534 2503 636 2556 dicitur
689 2518 715 2569 p,
743 2519 778 2556 m.
804 2503 865 2556 tos.
893 2505 976 2559 nobis
998 2504 1139 2563 melotten.

71 2569 88 2589 ⁶
188 2577 321 2639 μίμαρκυς.
357 2573 452 2625 inter
488 2573 636 2640 lepores
689 2573 871 2635 cartomelen‚
887 2573 1071 2639 marrilicbeu
1089 2589 1140 2628 ma

188 2644 251 2696 399.
277 2642 311 2696 de
336 2643 445 2694 ratione
471 2643 579 2696 dicendi
599 2643 635 2695 ad
689 2643 777 2696 rillcn.
803 2645 891 2697 ctiam
910 2645 946 2700 dc
965 2647 1046 2700 bacis
1064 2659 1141 2699 rosae

191 2714 250 2766 172.
278 2743 311 2751 -
335 2728 522 2780 porrorum
554 2713 636 2766 codd.
689 2715 805 2768 caninae
830 2715 1050 2783 cogitabam—
1071 2730 1141 2784 pas-

243 2782 281 2834 ad
300 2784 359 2835 178.
391 2782 520 2836 videntur
538 2783 635 2836 eadem
689 2785 718 2837 si
738 2799 798 2851 par.

189 2867 274 2921 poma
293 2867 364 2920 quae
384 2853 412 2905 in
431 2853 532 2907 Edicto
546 2853 637 2907 Diocl.
745 2855 782 2908 ad
794 2856 853 2908 119.
873 2856 996 2923 repetita
1006 2856 1141 2927 illapsi·

190 2924 216 2986 6,
236 2923 277 2976 68.
297 2924 369 2977 inter
387 2922 461 2976 mala
480 2924 571 2978 locum
591 2925 638 2977 ha-
691 2940 814 2978 sanam
832 2926 914 2978 lium.
931 2942 966 2980 cx
984 2926 1084 2996 edpr.
1095 2942 1142 2997 pro

189 2994 257 3049 bert
276 2999 305 3047 et
323 2995 350 3047 in
370 2994 423 3048 len
447 2995 568 3049 Pacciol,
593 3011 638 3049 cx·
692 2996 819 3049 codicum
848 3012 973 3050 meorum
1006 3000 1064 3052 scri
1085 3006 1143 3053 tun

188 3064 328 3133 plicantur
354 3065 428 3118 mala
452 3081 542 3128 rosea,
567 3066 639 3119 mela
692 3067 856 3129 recentiore,
880 3082 936 3135 qua
954 3067 1041 3122 etiam
1062 3016 1141 3124 lule

189 3150 255 3190 rosa
282 3133 433 3190 hodiernae
460 3137 569 3198 ltaliae,
596 3137 639 3189 sic
691 3153 752 3190 rum
761 3137 939 3200 Tolemaeus,
948 3137 1080 3194 silotrum
1094 3147 1142 3201 est,

190 3206 266 3259 dicta
285 3206 321 3260 ob
343 3223 455 3271 ,roseus
472 3207 639 3261 floressimi·
694 3215 758 3261 sunt
783 3207 846 3261 libri
871 3209 954 3263 Nonii
979 3226 1007 3277 p.
1026 3228 1064 3265 nu
1086 3212 1137 3267 att

190 3277 231 3330 lcs
250 3275 364 3331 floribus
383 3277 448 3331 mali
462 3279 571 3345 punici·
591 3278 639 3330 lsi-
694 3278 794 3331 Isidori
813 3280 857 3340 20,
874 3281 901 3341 3,
920 3281 965 3333 21.
990 3280 1142 3337 Pliniil'al

190 3347 249 3401 dor.
272 3349 313 3410 17,
333 3350 357 3411 i,
377 3350 401 3401 6.
429 3350 501 3403 unde
520 3348 638 3402 Martial
694 3351 720 3410 2,
738 3350 780 3401 31.
808 3351 845 3403 iu.
870 3349 995 3419 Silligius
1012 3352 1084 3408 Pru
1105 3354 1145 3413 18,

190 3423 214 3482 1,
232 3419 277 3480 43,
288 3419 312 3471 6.
334 3421 460 3484 ,imitata
477 3420 577 3473 breves
612 3436 640 3472 u·
695 3421 737 3472 11.
759 3421 800 3472 il
821 3421 865 3483 ab,
886 3421 931 3474 46.
955 3423 1001 3485 21,
1027 3425 1089 3479 loo.
1111 3423 1144 3477 al

189 3491 251 3542 nica
269 3488 571 3557 granarusas“,velri
605 3511 638 3537 o·
696 3520 726 3526 --
758 3491 807 3558 ig.
837 3491 996 3546 calidum
1028 3496 1145 3550 dum

189 3561 246 3612 κινὰ
267 3559 364 3615 Medic.
385 3563 449 3615 min
469 3561 513 3616 ed.
539 3560 640 3615 ldel.l
694 3561 823 3615 calidum.
863 3593 894 3600 --
940 3565 1145 3622 coloediun
