2362 4178
455 422 606 481 Praeimio.
670 461 673 465 .
967 420 1008 486 15

47 611 138 678 „qna
152 590 281 655 nomine
293 587 504 671 Megalona*)
527 584 633 669 reperi
648 583 864 650 abiectissimo
886 582 919 648 in
935 586 1007 650 loco

48 696 220 784 „codicem
236 695 467 776 semilacerum,
492 691 581 759 ouius
596 690 704 755 titulus
731 690 862 772 qualore
887 691 1009 760 obsitus

49 803 128 889 „vix
139 802 361 868 characterum
372 800 553 882 vestigiisre
562 799 791 885 praesentabat
799 797 900 863 Caelii
909 799 1009 882 Apitii

51 909 115 994 „de
130 929 167 975 ro
182 907 338 974 culinaria
359 908 457 972 libros
481 906 603 971 decern.
630 904 709 969 deus
734 906 827 987 bone,
853 913 1009 987 quantum

52 1016 275 1101 „subsultabat
286 1014 409 1078 animus
428 1031 508 1098 prae
521 1010 650 1093 gaudio,
668 1017 820 1094 quantum
835 1012 1008 1098 triumpha·

54 1123 148 1207 „bam
171 1127 260 1186 ratus
281 1139 335 1185 me
357 1140 421 1184 non
452 1117 539 1200 quod
562 1117 653 1201 pueri
674 1117 708 1181 iu
730 1116 808 1183 faba
832 1120 1007 1206 clamitant,

54 1227 134 1312 ,sed
150 1227 342 1310 palmarium
358 1224 528 1309 reperisse,
545 1229 622 1307 puta
637 1244 804 1289 romanum
823 1225 912 1291 illum
932 1229 1008 1312 Api·

55 1335 152 1421 „tium
171 1324 355 1422 ὀψοφάγον,
378 1332 550 1397 maximum
567 1332 707 1396 omnium
723 1337 875 1415 nepotum
899 1335 1010 1418 gurgi·

56 1447 151 1526 „tem‚
169 1444 258 1506 cuius
274 1438 475 1508 celeberrimi
489 1438 661 1522 scriptores
678 1438 872 1505 mentionem
887 1440 1009 1507 faciunt

56 1565 183 1632 ,eoque
205 1565 271 1612 non
292 1547 425 1612 verbum
448 1546 546 1612 verbo
576 1546 678 1611 solum
707 1545 766 1611 sed
789 1545 1011 1614 characterum

57 1670 193 1739 ,vocum
216 1651 413 1735 singularum
436 1658 613 1718 monstrose
649 1650 897 1718 deformatamm
920 1653 1011 1721 linia·

57 1765 187 1846 ,menta
209 1758 372 1840 solicitius,
396 1759 440 1823 ita
464 1765 497 1823 ut
519 1778 561 1824 ue
584 1778 669 1844 apex
693 1758 822 1842 quidem
846 1758 1012 1826 desidera·

58 1871 175 1951 ,retum
206 1863 416 1948 depingenda
439 1865 627 1931 curarimus.
653 1903 697 1913 —-
726 1867 797 1949 ipse
820 1866 1012 1949 simulatque

58 1971 218 2058 „penitius
236 1957 364 2058 inspexi
388 1977 420 2037 et
441 1979 654 2055 properanter
677 1980 774 2056 caput
797 1993 891 2038 unum
917 1979 1013 2056 atquo

58 2079 215 2164 ,alterum
230 2077 459 2143 transvolitavi.
483 2078 627 2161 protinus
650 2078 738 2162 apud
758 2099 810 2145 me
832 2080 1014 2146 mussitavi:

51 2183 107 2270 ,si
122 2183 278 2250 vetustior
292 2183 344 2250 hic
360 2189 481 2266 auctor,
505 2184 580 2250 licet
594 2195 706 2268 parurn
723 2185 866 2267 elegans,
889 2186 1016 2268 integer

59 2296 114 2376 ,et
134 2311 156 2355 a
171 2289 297 2357 mendis
313 2310 412 2374 purus
427 2296 578 2373 exstaret,
601 2290 689 2355 baud
704 2291 913 2374 ambigerem,
938 2292 1015 2373 quin

60 2397 269 2482 „mortalibus
285 2397 417 2477 cunctis,
441 2396 501 2462 scd
516 2397 692 2480 praecipue
708 2396 888 2463 medicinae
908 2397 1017 2464 caudi-

60 2502 285 2592 ,datisquum
309 2502 351 2568 ad
375 2504 506 2569 tutelam
531 2503 676 2568 sanitatis
694 2508 761 2568 turn
778 2502 821 2568 ad
835 2505 1018 2569 morborum

61 2608 281 2695 „curationem
306 2615 392 2675 essct
414 2609 550 2675 idoneus
574 2616 606 2676 et
622 2609 804 2693 cumprimis
819 2610 1018 2676 necessarius

61 2715 191 2802 ,quoad
203 2707 410 2803 διαιτητικὴν,
428 2735 511 2798 quae
522 2717 689 2800 potissima
705 2717 773 2783 eius
789 2717 865 2782 artis
883 2723 932 2783 est
946 2737 1018 2803 por-

131 2947 157 3014 *)
180 2946 225 3003 Ibi
243 2952 354 3004 centum
379 2945 439 3004 fere
458 2947 537 3002 aunis
556 2952 621 3003 autc
641 2947 767 3003 codicem
785 2947 929 3003 inventum
948 2946 1020 3005 reia·

59 3023 126 3074 runt
149 3018 260 3088 aliquot
285 3020 337 3074 viri
361 3019 389 3073 in
413 3019 522 3074 Fabrio.
547 3019 620 3074 Bibl.
639 3020 700 3073 Lat.
720 3019 753 3074 T.
766 3020 791 3074 1.
810 3035 837 3088 p.
852 3020 912 3074 501.
939 3020 1020 3074 iniis

59 3087 150 3161 Bayle
168 3089 290 3145 Dictiou.
311 3090 423 3163 histiu
435 3090 519 3158 Apio.
549 3089 587 3144 Oe
606 3089 676 3144 libre
695 3087 739 3144 fut
757 3093 857 3145 trouve
876 3091 946 3145 daus
964 3089 1021 3145 l'ile

60 3159 97 3215 de
115 3159 303 3230 llaguelonne
320 3162 420 3230 supres
440 3161 475 3216 de
494 3160 672 3228 liuntpellier
690 3174 741 3228 par
759 3159 888 3216 Albanus
901 3160 1021 3216 Toriuus

60 3230 110 3300 qui
134 3231 162 3286 le
186 3231 284 3301 publia
305 3233 324 3287 a
347 3232 418 3287 Bere
446 3232 535 3287 douae
559 3245 609 3285 aus
634 3233 724 3300 apres.
747 3232 768 3285 il
792 3233 872 3288 auoit
890 3234 935 3286 ete
954 3232 1022 3302 deja
1070 3242 1075 3251 ·

59 3304 163 3357 trouve
187 3302 301 3357 ailleurs
328 3304 392 3372 pres
417 3303 452 3357 de
471 3308 535 3358 cont
553 3317 604 3356 ans
622 3309 797 3370 auparavant
815 3319 881 3359 sous
900 3303 926 3358 le
944 3303 1023 3371 Papo

60 3371 178 3428 Nicolas
190 3372 225 3428 V.
244 3387 296 3442 par
313 3372 410 3429 Enoch
430 3371 567 3428 d’Ascoli.
586 3373 606 3427 il
625 3391 644 3444 y
662 3373 741 3427 auoit
759 3388 795 3428 au
814 3375 880 3428 titre
898 3374 934 3428 bi.
954 3373 1022 3428 Gae-

60 3444 144 3500 eilius
162 3443 291 3514 Apicius.
309 3443 384 3499 fama
403 3443 473 3500 baec
490 3445 515 3499 si
535 3459 601 3500 vera
618 3445 751 3508 manarit,
770 3446 912 3514 quaeritur
930 3443 1024 3501 adbuc

61 3514 111 3571 ubi
130 3514 169 3570 sit
186 3515 210 3570 is
229 3515 309 3571 liber.
334 3531 368 3572 eo
387 3532 443 3571 non
462 3532 541 3570 usum
560 3515 696 3571 Albinum
721 3516 796 3570 omni
820 3516 939 3585 pignore
958 3532 1023 3572 con·

61 3584 210 3653 tenuerim,
229 3584 317 3644 editio
337 3592 412 3644 certe
431 3587 579 3658 vestigium
598 3587 703 3644 codicis
722 3603 771 3642 ms.
791 3602 847 3643 nou
866 3585 960 3644 habet.
