2362 4178
68 1244 314 1313 annotsoo
334 1245 362 1310 Α
380 1242 752 1310 PFAFFENHOFFEN
772 1243 830 1317 ET
856 1241 1028 1309 GENERE

69 1353 129 1417 ET
154 1351 287 1418 OMNIS
311 1350 586 1416 DISCIPLINAE
615 1349 842 1415 LIBERALIS
868 1348 1028 1416 STUDIO

69 1457 232 1540 NOBILI,
261 1457 542 1523 LITTERARUM
564 1454 768 1522 PATRONO
798 1455 1028 1524 GENEROSO

253 1563 346 1629 OHR.
372 1562 645 1629 THEOPHILUS
671 1562 851 1629 SOHUOH.

142 1742 221 1808 cnm
244 1742 357 1824 Tuum,
390 1747 424 1806 ut
447 1740 520 1823 scis,
553 1740 719 1807 consilium
751 1745 880 1807 secutus
904 1740 963 1805 sim
988 1740 1030 1809 de

69 1849 136 1915 hoc
160 1847 287 1914 edendo
313 1848 435 1933 Apicio,
460 1848 509 1912 vir
532 1847 723 1913 amicissime
747 1853 779 1912 et
800 1845 906 1911 multis
929 1849 1057 1913 nomi--

71 1957 169 2021 nibus
199 1954 276 2019 mihi
310 1952 456 2036 colende,
488 1974 553 2019 non
584 1953 639 2018 diu
669 1954 872 2036 quaerendus
895 1953 955 2018 fuit
978 1955 1030 2021 oui

71 2063 160 2127 huno
191 2061 333 2126 libellum
365 2060 623 2126 commendarem
656 2080 697 2124 cx
724 2065 834 2126 vetere
859 2066 891 2125 ot
909 2060 1029 2128 usitato
1080 2057 1089 2070 '

72 2168 266 2252 scriptorum
289 2187 444 2232 more-
467 2166 513 2232 sio
536 2186 674 2248 namque
697 2173 823 2232 veteres
846 2166 892 2230 illi
914 2166 1031 2234 heroes

72 2273 131 2356 qui
162 2274 254 2339 nobis
285 2275 368 2339 bene
399 2273 560 2339 sentiendi
590 2279 621 2338 et
652 2272 814 2338 scribendi
846 2275 1030 2356 exemplum

72 2380 273 2461 reliquerunt
302 2378 450 2443 solebant
480 2377 567 2462 apud
600 2397 656 2443 eos
692 2379 805 2460 quibus
839 2398 898 2443 sua
932 2399 1034 2463 opera

72 2485 245 2550 mittebant
267 2484 467 2569 praefari-
484 2485 599 2566 quique
617 2490 803 2568 protegeret
822 2505 861 2550 ao
880 2490 1033 2570 tueretur,

74 2591 169 2658 cuius
188 2591 264 2656 item
284 2590 503 2673 amplitudine,
528 2590 725 2672 auctoritate,
750 2590 922 2674 splendore
939 2611 1034 2675 opus-

74 2698 184 2763 culum
216 2698 317 2762 maius
346 2697 583 2778 quodammodo
616 2702 648 2762 et
675 2697 805 2778 gravius
830 2703 861 2763 et
883 2696 1035 2763 illustrius

74 2801 277 2868 redderetur.
302 2792 419 2869 aderas
439 2823 566 2888 nempe,
591 2823 662 2869 oum
678 2803 712 2866 id
730 2802 854 2868 consilii
871 2823 1034 2887 caperem,

74 2908 133 2990 qui
165 2909 240 2972 mihi
271 2908 364 2974 huius
393 2915 503 2974 auctor
526 2909 622 2991 fuisti,
653 2909 728 2974 dum
753 2910 849 2974 etiam
873 2930 1035 2976 commen-

73 3021 175 3096 tarer,
201 3013 316 3080 adoras
336 3034 560 3097 nunquamque
576 3015 764 3097 gravabaris
783 3036 915 3098 operam
937 3017 1037 3082 Tuam

74 3120 173 3186 nobis
195 3120 369 3204 impertire,
394 3141 489 3205 quem
512 3127 587 3187 tuno
611 3121 644 3185 in
668 3121 822 3205 oppidulo
838 3141 1037 3188 commoran-

12 3310 27 3322 Α
74 3233 143 3292 tem
168 3225 210 3292 de
233 3227 339 3292 multis
363 3228 580 3310 consulebam,
609 3228 726 3293 aderas
750 3227 846 3293 etiam
869 3248 915 3311 re,
940 3229 1039 3312 plena

74 3352 177 3397 manu
192 3332 393 3415 largiebaris,
418 3334 526 3417 ampla
549 3333 741 3399 liberalitato
764 3334 892 3416 vigilias
912 3341 1039 3402 nostras

74 3439 340 3526 prosequebaris,
367 3439 414 3504 ita
443 3439 678 3522 satisfaciebas,
708 3446 742 3504 ut
765 3440 1040 3523 exspectationem

10 3547 19 3568 ²
75 3545 284 3629 superaveris
308 3546 425 3612 aetatis
449 3552 579 3612 nostrae
603 3547 684 3612 alter
705 3548 889 3629 Maecenas,
914 3554 1041 3612 namot
