2362 4178
118 329 181 398 104
446 328 505 388 Lib.
524 329 558 386 V.
596 329 727 402 Ospreosss
770 344 779 352 ·

115 494 150 556 ut
172 487 305 571 ferveat,
338 509 409 556 cum
432 491 515 558 bene
539 489 701 573 terruerit,
729 488 864 574 obligas.
889 489 1013 560 adicies
1035 490 1065 559 in

114 579 249 646 buletari
273 579 378 644 oleum
401 578 512 646 viride.
949 648 954 655 ,

184 670 255 733 191.
288 668 552 734 Lenticulam
577 667 625 734 de
650 667 889 734 castaneis:
925 668 1065 755 accipies

114 758 288 822 caccabum
316 776 432 822 uorum
465 763 497 823 et
525 763 695 824 castaneas
717 761 872 842 purgatas
896 756 1066 840 diligenter

113 845 220 925 mittis,
251 844 373 911 adicies
405 865 520 927 aquam
553 851 585 911 et
608 845 722 910 nitrum
746 845 881 911 modice.
908 845 1011 914 facies
1034 853 1067 913 ut

115 938 277 1014 coquatur.
305 953 375 998 cum
399 934 552 1016 coquitur,
578 934 682 1000 mittes
705 934 738 997 in
760 933 944 998 mortarium
965 935 1064 1021 piper,

113 1021 272 1103 ciminum,
304 1041 413 1087 semen
446 1022 616 1104 coriandri,
648 1028 748 1103 rutae,
776 1021 890 1087 laseris
913 1023 1064 1105 radicem,

112 1116 262 1191 mentam,
293 1110 444 1195 puleium,
474 1110 614 1192 fricabis,
647 1110 803 1176 suffundis
826 1116 965 1196 acetum,
994 1113 1064 1194 mel,

112 1198 285 1280 liquamen,
310 1205 401 1265 aceto
425 1200 619 1281 temperabis
643 1206 674 1266 et
693 1219 789 1285 super
810 1205 980 1266 castaneas
994 1220 1064 1267 coc-

111 1292 163 1353 tas
186 1288 338 1369 refundis,
362 1287 484 1354 adicies
508 1288 622 1355 oleum.
652 1287 754 1354 facies
777 1294 812 1352 ut
834 1287 969 1354 ferveat.
995 1309 1065 1357 cum

112 1377 195 1442 bene
226 1375 388 1457 terruerit,
423 1376 619 1442 turundabis.
656 1382 691 1441 ut
728 1376 761 1441 in
793 1379 944 1442 mortario
970 1384 1064 1460 teres,

112 1471 233 1547 gustas,
265 1464 292 1529 si
316 1465 392 1546 quid
416 1464 517 1546 deest,
550 1465 661 1531 addes.
689 1465 816 1532 cumin
840 1466 986 1534 boletare
1010 1467 1065 1533 mi·

111 1554 201 1632 seris,
225 1553 329 1618 addes
352 1554 457 1619 oleum
485 1552 595 1619 viride.

180 1643 252 1707 192.
289 1642 419 1708 Aliter
450 1642 711 1709 lenticulam:
750 1641 868 1722 coquis.
906 1662 977 1707 cum
1010 1643 1064 1712 de·

110 1730 319 1817 spumaveris,
344 1750 472 1818 porrum
497 1736 529 1797 01
552 1729 753 1797 coriandrum
774 1729 876 1795 viride
897 1735 1064 1814 supermit-

109 1819 158 1885 tis.
184 1819 280 1884 mittis
304 1819 463 1885 coriandri
495 1839 616 1900 semen,
646 1819 797 1901 puleium,
831 1819 947 1885 lasaris
980 1822 1063 1886 radi-

111 1929 197 1988 cem,
227 1927 337 1973 semen
368 1914 494 1972 mentae
526 1913 558 1973 et
587 1914 687 1987 rutae,
719 1906 866 1987 fricabis,
899 1909 1064 1976 suffundas

110 2002 246 2075 acetum,
271 1995 392 2061 adicies
416 1996 488 2075 mcl,
512 1995 681 2080 liquamen.
704 2001 808 2077 aceto,
832 1995 969 2063 defricto
985 2005 1062 2064 tem-

110 2084 249 2167 perabis,
274 2083 396 2149 adicies
421 2085 534 2149 oleum.
560 2084 707 2166 agitabis.
741 2083 868 2165 siquid
892 2104 973 2171 opus
996 2086 1063 2152 fue·

109 2173 158 2255 rit,
184 2172 288 2237 mittis.
315 2174 419 2237 amolo
441 2173 576 2255 obligas,
600 2173 731 2255 insuper
755 2173 859 2238 oleum
875 2175 978 2242 viride
994 2175 1062 2240 mit

110 2262 162 2345 tis,
185 2262 278 2346 piper
302 2261 450 2348 aspargis
474 2267 506 2326 01
527 2261 655 2328 inferes.

110 2421 171 2476 cod.
194 2420 265 2478 isio
292 2418 421 2483 ,oleum
440 2419 558 2474 viride
613 2425 733 2481 tornare,
751 2420 858 2488 globuli
879 2419 996 2476 formam
1016 2421 1063 2476 ha-

109 2493 144 2546 in
164 2490 387 2545 lenticulam.
407 2491 456 2544 De
471 2495 556 2544 cast.
612 2490 699 2545 bcbat
725 2491 851 2546 orbiculo
875 2498 984 2548 tractae
1005 2495 1063 2548 188.

109 2569 138 2617 01
156 2577 215 2630 par.
240 2561 391 2615 viridem
410 2560 559 2616 lenticu·
612 2561 681 2616 hant
699 2561 897 2617 absimilem-
919 2570 956 2618 ut
975 2565 1009 2618 in
1029 2581 1064 2620 ex

109 2634 174 2687 lam
194 2633 235 2687 de
255 2638 342 2686 cast.
612 2637 648 2700 βγ
665 2648 717 2700 pro
737 2640 769 2686 et
789 2633 831 2687 in.
857 2664 888 2670 —
915 2634 1064 2689 boletar

162 2703 201 2757 ad
223 2704 278 2757 191.
313 2703 559 2770 aqrrametui-
612 2707 639 2766 β.
666 2703 824 2759 voletari
855 2705 1064 2770 prolitare

109 2772 559 2855 trumaquamuitratam,lauge.
614 2773 675 2830 1101.
694 2772 806 2855 panes.
827 2775 886 2858 199.
911 2845 918 2859 .
998 2847 1004 2860 .

110 2843 496 2977 ooll⁰dlltf¹⁰dl¹sll
512 2850 561 2968 11
614 2845 1064 2972 1„stallinldlddslt

111 2985 167 3040 198,
190 2985 268 3038 llum.
289 2985 401 3053 scripsit
424 2985 559 3040 tudicu-
614 2985 662 3038 tis
686 2991 730 3039 est
753 2986 840 3040 addes
861 2988 920 3040 191.
946 2988 983 3042 ad
1009 2996 1064 3042 ter-

108 3056 207 3111 labis
223 3055 487 3124 tudicnlaagitabis.
506 3071 559 3124 ego
614 3056 682 3109 tium
708 3056 806 3124 supple
834 3073 911 3122 ,cnm
937 3059 964 3111 in
986 3058 1064 3113 bolc-

108 3127 133 3180 cl
153 3127 248 3196 legens
268 3127 348 3192 d(ad
364 3127 424 3190 183)
444 3132 555 3180 turun·
614 3131 674 3179 tare
693 3127 824 3180 miserist.

108 3197 214 3252 dabis
239 3197 386 3250 turundam
412 3198 560 3250 mittesex
668 3197 704 3251 ad
732 3198 789 3250 199.
835 3198 1064 3265 despumare-

108 3284 197 3337 eaque
235 3267 388 3336 obligabis,
426 3275 456 3322 ut
492 3267 559 3321 alibi
613 3267 661 3320 111
680 3267 761 3322 codd.
787 3274 815 3323 et
839 3269 1062 3324 1011111205.

107 3339 209 3394 amulo.
229 3339 265 3394 dc
284 3355 318 3393 eo
338 3338 405 3400 libo,
424 3338 495 3392 alias
506 3338 559 3392 diis
613 3354 683 3392 corr.
709 3354 742 3392 cx
769 3340 827 3392 192.
850 3340 908 3393 198.
934 3356 1063 3407 spumam

108 3410 192 3464 etiam
212 3409 319 3473 oblato,
339 3408 374 3463 ct.
394 3409 463 3463 Non.
480 3424 508 3476 p.
523 3425 558 3463 m.
613 3408 798 3478 detergebam
817 3410 917 3478 pinnis,
936 3410 1006 3464 Plin.
1018 3413 1064 3476 32,

108 3480 168 3535 919.
189 3496 250 3536 cum
270 3480 412 3536 derivetur
436 3494 454 3533 a
472 3479 558 3534 verbo
614 3479 656 3535 18.
745 3486 913 3537 caraucta
931 3496 990 3551 par.
1012 3499 1064 3540 ca
