<?xml version="1.0" encoding="UTF-8"?>
<!DOCTYPE html PUBLIC "-//W3C//DTD XHTML 1.0 Transitional//EN"
    "http://www.w3.org/TR/xhtml1/DTD/xhtml1-transitional.dtd">
<html xmlns="http://www.w3.org/1999/xhtml" xml:lang="en" lang="en">
 <head>
  <title>
</title>
<meta http-equiv="Content-Type" content="text/html;charset=utf-8" />
  <meta name='ocr-system' content='tesseract 3.04.00' />
  <meta name='ocr-capabilities' content='ocr_page ocr_carea ocr_par ocr_line ocrx_word'/>
</head>
<body>
  <div class='ocr_page' id='page_1' title='image "apicicaeliderec00apicgoog_0099.png"; bbox 0 0 2362 4178; ppageno 0'>
   <div class='ocr_carea' id='block_1_1' title="bbox 114 418 744 486">
    <p class='ocr_par' dir='ltr' id='par_1_1' title="bbox 114 418 744 486">
     <span class='ocr_line' id='line_1_1' title="bbox 114 418 744 486; baseline 0.013 -14"><span class='ocrx_word' id='word_1_1' title='bbox 114 418 157 486; x_wconf 81' lang='lat'>92</span> <span class='ocrx_word' id='word_1_2' title='bbox 424 418 486 477; x_wconf 86' lang='lat' dir='ltr'>Lib.</span> <span class='ocrx_word' id='word_1_3' title='bbox 506 419 553 478; x_wconf 82' lang='lat' dir='ltr'>tv.</span> <span class='ocrx_word' id='word_1_4' title='bbox 579 418 744 479; x_wconf 78' lang='lat' dir='ltr'>Pandectes</span> 
     </span>
    </p>
   </div>
   <div class='ocr_carea' id='block_1_2' title="bbox 39 578 1106 2082">
    <p class='ocr_par' dir='ltr' id='par_1_2' title="bbox 111 578 1106 1196">
     <span class='ocr_line' id='line_1_2' title="bbox 114 578 1106 666; baseline -0.003 -19"><span class='ocrx_word' id='word_1_5' title='bbox 114 581 198 647; x_wconf 86' lang='lat' dir='ltr'>eiola</span> <span class='ocrx_word' id='word_1_6' title='bbox 229 581 359 664; x_wconf 87' lang='lat' dir='ltr'>minuta,</span> <span class='ocrx_word' id='word_1_7' title='bbox 390 582 554 648; x_wconf 85' lang='lat' dir='ltr'>testiculos</span> <span class='ocrx_word' id='word_1_8' title='bbox 585 601 754 666; x_wconf 87' lang='lat' dir='ltr'>caponum,</span> <span class='ocrx_word' id='word_1_9' title='bbox 790 578 963 662; x_wconf 79' lang='lat' dir='ltr'>glandulas</span> <span class='ocrx_word' id='word_1_10' title='bbox 988 596 1045 664; x_wconf 88' lang='lat' dir='ltr'>por</span> <span class='ocrx_word' id='word_1_11' title='bbox 1100 602 1106 644; x_wconf 84' lang='lat' dir='ltr'>r</span> 
     </span>
     <span class='ocr_line' id='line_1_3' title="bbox 114 669 1106 752; baseline -0.005 -16"><span class='ocrx_word' id='word_1_12' title='bbox 114 671 258 736; x_wconf 88' lang='lat' dir='ltr'>celliuas.</span> <span class='ocrx_word' id='word_1_13' title='bbox 290 671 372 737; x_wconf 89' lang='lat' dir='ltr'>haec</span> <span class='ocrx_word' id='word_1_14' title='bbox 401 672 508 736; x_wconf 90' lang='lat' dir='ltr'>omnia</span> <span class='ocrx_word' id='word_1_15' title='bbox 526 672 560 735; x_wconf 91' lang='lat' dir='ltr'>in</span> <span class='ocrx_word' id='word_1_16' title='bbox 582 692 618 737; x_wconf 90' lang='lat' dir='ltr'>se</span> <span class='ocrx_word' id='word_1_17' title='bbox 642 675 826 752; x_wconf 78' lang='lat' dir='ltr'>coquantur.</span> <span class='ocrx_word' id='word_1_18' title='bbox 853 675 940 735; x_wconf 85' lang='lat' dir='ltr'>teres</span> <span class='ocrx_word' id='word_1_19' title='bbox 961 669 1106 752; x_wconf 90' lang='lat' dir='ltr'>piper,</span> 
     </span>
     <span class='ocr_line' id='line_1_4' title="bbox 112 756 1053 841; baseline -0.001 -19"><span class='ocrx_word' id='word_1_20' title='bbox 112 759 295 841; x_wconf 85' lang='lat' dir='ltr'>ligistieum,</span> <span class='ocrx_word' id='word_1_21' title='bbox 327 760 528 825; x_wconf 79' lang='lat' dir='ltr'>coriandrum</span> <span class='ocrx_word' id='word_1_22' title='bbox 550 759 653 824; x_wconf 84' lang='lat' dir='ltr'>viride</span> <span class='ocrx_word' id='word_1_23' title='bbox 675 759 728 824; x_wconf 87' lang='lat' dir='ltr'>vel</span> <span class='ocrx_word' id='word_1_24' title='bbox 751 778 875 838; x_wconf 91' lang='lat' dir='ltr'>semen,</span> <span class='ocrx_word' id='word_1_25' title='bbox 899 756 1053 823; x_wconf 82' lang='lat' dir='ltr'>suffundas</span> 
     </span>
     <span class='ocr_line' id='line_1_5' title="bbox 112 845 1055 928; baseline -0.001 -18"><span class='ocrx_word' id='word_1_26' title='bbox 112 847 284 928; x_wconf 86' lang='lat' dir='ltr'>liquamen,</span> <span class='ocrx_word' id='word_1_27' title='bbox 315 849 439 913; x_wconf 85' lang='lat' dir='ltr'>adicies</span> <span class='ocrx_word' id='word_1_28' title='bbox 468 849 572 912; x_wconf 88' lang='lat' dir='ltr'>mellis</span> <span class='ocrx_word' id='word_1_29' title='bbox 602 847 765 912; x_wconf 88' lang='lat' dir='ltr'>modicum</span> <span class='ocrx_word' id='word_1_30' title='bbox 793 853 826 912; x_wconf 92' lang='lat' dir='ltr'>et</span> <span class='ocrx_word' id='word_1_31' title='bbox 853 847 906 910; x_wconf 89' lang='lat' dir='ltr'>ius</span> <span class='ocrx_word' id='word_1_32' title='bbox 937 845 981 923; x_wconf 42' lang='lat' dir='ltr'>de,</span> <span class='ocrx_word' id='word_1_33' title='bbox 1003 864 1055 909; x_wconf 88' lang='lat' dir='ltr'>suo</span> 
     </span>
     <span class='ocr_line' id='line_1_6' title="bbox 112 933 1057 1019; baseline 0 -21"><span class='ocrx_word' id='word_1_34' title='bbox 112 935 182 1016; x_wconf 80' lang='lat' dir='ltr'>ribi,</span> <span class='ocrx_word' id='word_1_35' title='bbox 212 937 287 1000; x_wconf 80' lang='lat' dir='ltr'>vino</span> <span class='ocrx_word' id='word_1_36' title='bbox 319 943 352 1001; x_wconf 90' lang='lat' dir='ltr'>et</span> <span class='ocrx_word' id='word_1_37' title='bbox 383 937 478 1001; x_wconf 89' lang='lat' dir='ltr'>mello</span> <span class='ocrx_word' id='word_1_38' title='bbox 509 937 712 1019; x_wconf 76' lang='lat' dir='ltr'>temperabis.</span> <span class='ocrx_word' id='word_1_39' title='bbox 744 935 847 1000; x_wconf 83' lang='lat' dir='ltr'>facies</span> <span class='ocrx_word' id='word_1_40' title='bbox 874 941 909 999; x_wconf 92' lang='lat' dir='ltr'>ut</span> <span class='ocrx_word' id='word_1_41' title='bbox 930 933 1057 999; x_wconf 84' lang='lat' dir='ltr'>ferveat</span> 
     </span>
     <span class='ocr_line' id='line_1_7' title="bbox 113 1021 1059 1108; baseline 0.003 -21"><span class='ocrx_word' id='word_1_42' title='bbox 113 1042 183 1087; x_wconf 89' lang='lat' dir='ltr'>cum</span> <span class='ocrx_word' id='word_1_43' title='bbox 213 1024 374 1105; x_wconf 78' lang='lat' dir='ltr'>terruerit,</span> <span class='ocrx_word' id='word_1_44' title='bbox 406 1031 539 1089; x_wconf 71' lang='lat' dir='ltr'>baemm</span> <span class='ocrx_word' id='word_1_45' title='bbox 564 1025 757 1106; x_wconf 70' lang='lat' dir='ltr'>confungen,</span> <span class='ocrx_word' id='word_1_46' title='bbox 791 1022 928 1108; x_wconf 87' lang='lat' dir='ltr'>obligas.</span> <span class='ocrx_word' id='word_1_47' title='bbox 957 1021 1059 1105; x_wconf 82' lang='lat' dir='ltr'>coagi-</span> 
     </span>
     <span class='ocr_line' id='line_1_8' title="bbox 111 1108 667 1196; baseline 0 -20"><span class='ocrx_word' id='word_1_48' title='bbox 111 1117 172 1178; x_wconf 85' lang='lat' dir='ltr'>tas.</span> <span class='ocrx_word' id='word_1_49' title='bbox 196 1108 290 1196; x_wconf 81' lang='lat' dir='ltr'>piper</span> <span class='ocrx_word' id='word_1_50' title='bbox 311 1114 460 1196; x_wconf 76' lang='lat' dir='ltr'>aspargis</span> <span class='ocrx_word' id='word_1_51' title='bbox 484 1120 517 1177; x_wconf 93' lang='lat' dir='ltr'>et</span> <span class='ocrx_word' id='word_1_52' title='bbox 538 1113 667 1178; x_wconf 89' lang='lat' dir='ltr'>inferes.</span> 
     </span>
    </p>

    <p class='ocr_par' dir='ltr' id='par_1_3' title="bbox 39 1199 1106 2082">
     <span class='ocr_line' id='line_1_9' title="bbox 182 1199 1061 1278; baseline 0 -13"><span class='ocrx_word' id='word_1_53' title='bbox 182 1203 254 1268; x_wconf 82' lang='lat'>174.</span> <span class='ocrx_word' id='word_1_54' title='bbox 280 1202 456 1265; x_wconf 86' lang='lat' dir='ltr'>Minutal</span> <span class='ocrx_word' id='word_1_55' title='bbox 478 1202 719 1265; x_wconf 88' lang='lat' dir='ltr'>matianum:</span> <span class='ocrx_word' id='word_1_56' title='bbox 750 1199 874 1264; x_wconf 83' lang='lat' dir='ltr'>adicies</span> <span class='ocrx_word' id='word_1_57' title='bbox 896 1199 931 1264; x_wconf 92' lang='lat' dir='ltr'>in</span> <span class='ocrx_word' id='word_1_58' title='bbox 952 1219 1061 1278; x_wconf 17' lang='lat' dir='ltr'>,caeca</span> 
     </span>
     <span class='ocr_line' id='line_1_10' title="bbox 114 1288 1062 1372; baseline 0 -19"><span class='ocrx_word' id='word_1_59' title='bbox 114 1290 188 1353; x_wconf 94' lang='lat' dir='ltr'>bum</span> <span class='ocrx_word' id='word_1_60' title='bbox 219 1291 335 1370; x_wconf 90' lang='lat' dir='ltr'>oleum,</span> <span class='ocrx_word' id='word_1_61' title='bbox 367 1290 537 1371; x_wconf 89' lang='lat' dir='ltr'>liquamen,</span> <span class='ocrx_word' id='word_1_62' title='bbox 573 1297 704 1355; x_wconf 88' lang='lat' dir='ltr'>coctura</span> <span class='ocrx_word' id='word_1_63' title='bbox 737 1288 892 1353; x_wconf 90' lang='lat' dir='ltr'>concides</span> <span class='ocrx_word' id='word_1_64' title='bbox 926 1307 1062 1372; x_wconf 89' lang='lat' dir='ltr'>porrum,</span> 
     </span>
     <span class='ocr_line' id='line_1_11' title="bbox 114 1377 1096 1463; baseline 0.001 -22"><span class='ocrx_word' id='word_1_65' title='bbox 114 1379 325 1459; x_wconf 83' lang='lat' dir='ltr'>coriandrum,</span> <span class='ocrx_word' id='word_1_66' title='bbox 349 1378 442 1443; x_wconf 89' lang='lat' dir='ltr'>isicia</span> <span class='ocrx_word' id='word_1_67' title='bbox 464 1379 593 1459; x_wconf 86' lang='lat' dir='ltr'>minuta,</span> <span class='ocrx_word' id='word_1_68' title='bbox 618 1378 778 1461; x_wconf 85' lang='lat' dir='ltr'>spatulam</span> <span class='ocrx_word' id='word_1_69' title='bbox 801 1377 972 1463; x_wconf 87' lang='lat' dir='ltr'>porcinam</span> <span class='ocrx_word' id='word_1_70' title='bbox 995 1397 1062 1442; x_wconf 83' lang='lat' dir='ltr'>coc</span> <span class='ocrx_word' id='word_1_71' title='bbox 1092 1412 1096 1417; x_wconf 83' lang='grc'>·</span> 
     </span>
     <span class='ocr_line' id='line_1_12' title="bbox 112 1464 1063 1548; baseline 0.002 -20"><span class='ocrx_word' id='word_1_72' title='bbox 112 1470 178 1529; x_wconf 90' lang='lat' dir='ltr'>tam</span> <span class='ocrx_word' id='word_1_73' title='bbox 201 1467 387 1531; x_wconf 87' lang='lat' dir='ltr'>tessellatim</span> <span class='ocrx_word' id='word_1_74' title='bbox 412 1466 563 1532; x_wconf 84' lang='lat' dir='ltr'>concides</span> <span class='ocrx_word' id='word_1_75' title='bbox 586 1487 658 1532; x_wconf 89' lang='lat' dir='ltr'>cum</span> <span class='ocrx_word' id='word_1_76' title='bbox 681 1486 740 1530; x_wconf 86' lang='lat' dir='ltr'>sua</span> <span class='ocrx_word' id='word_1_77' title='bbox 762 1465 824 1530; x_wconf 88' lang='lat' dir='ltr'>sibi</span> <span class='ocrx_word' id='word_1_78' title='bbox 848 1465 989 1548; x_wconf 85' lang='lat' dir='ltr'>tergilla.</span> <span class='ocrx_word' id='word_1_79' title='bbox 1019 1464 1063 1530; x_wconf 88' lang='lat' dir='ltr'>fa·</span> 
     </span>
     <span class='ocr_line' id='line_1_13' title="bbox 114 1552 1063 1637; baseline 0.001 -20"><span class='ocrx_word' id='word_1_80' title='bbox 114 1552 180 1618; x_wconf 89' lang='lat' dir='ltr'>cies</span> <span class='ocrx_word' id='word_1_81' title='bbox 203 1561 238 1618; x_wconf 89' lang='lat' dir='ltr'>ut</span> <span class='ocrx_word' id='word_1_82' title='bbox 260 1555 352 1619; x_wconf 92' lang='lat' dir='ltr'>simul</span> <span class='ocrx_word' id='word_1_83' title='bbox 384 1562 569 1637; x_wconf 89' lang='lat' dir='ltr'>coquantur.</span> <span class='ocrx_word' id='word_1_84' title='bbox 599 1555 708 1619; x_wconf 89' lang='lat' dir='ltr'>media</span> <span class='ocrx_word' id='word_1_85' title='bbox 736 1560 867 1620; x_wconf 89' lang='lat' dir='ltr'>coctura</span> <span class='ocrx_word' id='word_1_86' title='bbox 891 1555 980 1618; x_wconf 87' lang='lat' dir='ltr'>mala</span> <span class='ocrx_word' id='word_1_87' title='bbox 1001 1574 1063 1618; x_wconf 87' lang='lat' dir='ltr'>ma-</span> 
     </span>
     <span class='ocr_line' id='line_1_14' title="bbox 112 1641 1064 1728; baseline 0 -22"><span class='ocrx_word' id='word_1_88' title='bbox 112 1641 203 1707; x_wconf 86' lang='lat' dir='ltr'>tiana</span> <span class='ocrx_word' id='word_1_89' title='bbox 225 1651 363 1728; x_wconf 85' lang='lat' dir='ltr'>purgata</span> <span class='ocrx_word' id='word_1_90' title='bbox 391 1643 589 1723; x_wconf 88' lang='lat' dir='ltr'>intrinsecus,</span> <span class='ocrx_word' id='word_1_91' title='bbox 620 1643 750 1709; x_wconf 86' lang='lat' dir='ltr'>concisa</span> <span class='ocrx_word' id='word_1_92' title='bbox 776 1643 968 1707; x_wconf 86' lang='lat' dir='ltr'>tessellatim</span> <span class='ocrx_word' id='word_1_93' title='bbox 998 1643 1064 1706; x_wconf 85' lang='lat' dir='ltr'>mit·</span> 
     </span>
     <span class='ocr_line' id='line_1_15' title="bbox 111 1731 1064 1817; baseline 0 -23"><span class='ocrx_word' id='word_1_94' title='bbox 111 1735 171 1797; x_wconf 90' lang='lat' dir='ltr'>tes.</span> <span class='ocrx_word' id='word_1_95' title='bbox 205 1731 280 1795; x_wconf 93' lang='lat' dir='ltr'>dum</span> <span class='ocrx_word' id='word_1_96' title='bbox 301 1732 454 1813; x_wconf 87' lang='lat' dir='ltr'>coquitur,</span> <span class='ocrx_word' id='word_1_97' title='bbox 485 1738 570 1796; x_wconf 88' lang='lat' dir='ltr'>teres</span> <span class='ocrx_word' id='word_1_98' title='bbox 600 1733 703 1817; x_wconf 87' lang='lat' dir='ltr'>piper,</span> <span class='ocrx_word' id='word_1_99' title='bbox 740 1732 901 1811; x_wconf 90' lang='lat' dir='ltr'>ciminum,</span> <span class='ocrx_word' id='word_1_100' title='bbox 943 1732 1064 1795; x_wconf 86' lang='lat' dir='ltr'>corian-</span> 
     </span>
     <span class='ocr_line' id='line_1_16' title="bbox 114 1818 1106 1901; baseline 0.003 -20"><span class='ocrx_word' id='word_1_101' title='bbox 114 1818 206 1883; x_wconf 90' lang='lat' dir='ltr'>drum</span> <span class='ocrx_word' id='word_1_102' title='bbox 236 1820 337 1884; x_wconf 77' lang='lat' dir='ltr'>viride</span> <span class='ocrx_word' id='word_1_103' title='bbox 368 1821 421 1884; x_wconf 84' lang='lat' dir='ltr'>vel</span> <span class='ocrx_word' id='word_1_104' title='bbox 443 1839 564 1899; x_wconf 90' lang='lat' dir='ltr'>semen,</span> <span class='ocrx_word' id='word_1_105' title='bbox 595 1827 745 1901; x_wconf 91' lang='lat' dir='ltr'>mentam,</span> <span class='ocrx_word' id='word_1_106' title='bbox 775 1820 890 1884; x_wconf 81' lang='lat' dir='ltr'>laseris</span> <span class='ocrx_word' id='word_1_107' title='bbox 912 1819 1064 1901; x_wconf 87' lang='lat' dir='ltr'>radicem,</span> <span class='ocrx_word' id='word_1_108' title='bbox 1103 1832 1106 1871; x_wconf 56' lang='grc' dir='ltr'>ἐ</span> 
     </span>
     <span class='ocr_line' id='line_1_17' title="bbox 112 1907 1106 1989; baseline 0.003 -19"><span class='ocrx_word' id='word_1_109' title='bbox 112 1907 277 1972; x_wconf 87' lang='lat' dir='ltr'>suffundes</span> <span class='ocrx_word' id='word_1_110' title='bbox 300 1915 436 1985; x_wconf 86' lang='lat' dir='ltr'>anetum,</span> <span class='ocrx_word' id='word_1_111' title='bbox 460 1910 533 1988; x_wconf 91' lang='lat' dir='ltr'>mel,</span> <span class='ocrx_word' id='word_1_112' title='bbox 557 1908 730 1989; x_wconf 86' lang='lat' dir='ltr'>liquamen,</span> <span class='ocrx_word' id='word_1_113' title='bbox 754 1907 926 1972; x_wconf 86' lang='lat' dir='ltr'>defrictum</span> <span class='ocrx_word' id='word_1_114' title='bbox 941 1907 1065 1974; x_wconf 88' lang='lat' dir='ltr'>modice</span> <span class='ocrx_word' id='word_1_115' title='bbox 1104 1929 1106 1939; x_wconf 73' lang='lat'>¹</span> 
     </span>
     <span class='ocr_line' id='line_1_18' title="bbox 39 1995 1106 2082; baseline 0.001 -23"><span class='ocrx_word' id='word_1_116' title='bbox 39 2057 43 2064; x_wconf 87' lang='grc'>,</span> <span class='ocrx_word' id='word_1_117' title='bbox 114 2001 145 2059; x_wconf 89' lang='lat' dir='ltr'>et</span> <span class='ocrx_word' id='word_1_118' title='bbox 168 1996 216 2059; x_wconf 89' lang='lat' dir='ltr'>ius</span> <span class='ocrx_word' id='word_1_119' title='bbox 240 1996 282 2059; x_wconf 89' lang='lat' dir='ltr'>de</span> <span class='ocrx_word' id='word_1_120' title='bbox 305 2014 363 2059; x_wconf 90' lang='lat' dir='ltr'>suo</span> <span class='ocrx_word' id='word_1_121' title='bbox 386 1996 457 2074; x_wconf 90' lang='lat' dir='ltr'>sibi,</span> <span class='ocrx_word' id='word_1_122' title='bbox 488 2003 603 2061; x_wconf 86' lang='lat' dir='ltr'>acceto</span> <span class='ocrx_word' id='word_1_123' title='bbox 626 1996 755 2060; x_wconf 83' lang='lat' dir='ltr'>modico</span> <span class='ocrx_word' id='word_1_124' title='bbox 779 1997 988 2082; x_wconf 88' lang='lat' dir='ltr'>temperabis.</span> <span class='ocrx_word' id='word_1_125' title='bbox 1019 1995 1065 2060; x_wconf 79' lang='lat' dir='ltr'>fa</span> <span class='ocrx_word' id='word_1_126' title='bbox 1104 2030 1106 2072; x_wconf 72' lang='lat'><em>3</em></span> 
     </span>
    </p>
   </div>
   <div class='ocr_carea' id='block_1_3' title="bbox 113 2083 1106 2257">
    <p class='ocr_par' dir='ltr' id='par_1_4' title="bbox 113 2077 1106 2257">
     <span class='ocr_line' id='line_1_19' title="bbox 113 2083 1065 2167; baseline 0.003 -20"><span class='ocrx_word' id='word_1_127' title='bbox 113 2083 180 2147; x_wconf 89' lang='lat' dir='ltr'>cies</span> <span class='ocrx_word' id='word_1_128' title='bbox 211 2089 246 2146; x_wconf 93' lang='lat' dir='ltr'>ut</span> <span class='ocrx_word' id='word_1_129' title='bbox 276 2083 409 2148; x_wconf 87' lang='lat' dir='ltr'>ferveat.</span> <span class='ocrx_word' id='word_1_130' title='bbox 435 2104 506 2147; x_wconf 82' lang='lat' dir='ltr'>cum</span> <span class='ocrx_word' id='word_1_131' title='bbox 529 2084 689 2165; x_wconf 80' lang='lat' dir='ltr'>feruuerit,</span> <span class='ocrx_word' id='word_1_132' title='bbox 720 2090 856 2149; x_wconf 82' lang='lat' dir='ltr'>tractam</span> <span class='ocrx_word' id='word_1_133' title='bbox 880 2084 1065 2167; x_wconf 83' lang='lat' dir='ltr'>confringes</span> 
     </span>
     <span class='ocr_line' id='line_1_20' title="bbox 116 2172 1106 2257; baseline 0.003 -21"><span class='ocrx_word' id='word_1_134' title='bbox 116 2176 212 2236; x_wconf 82' lang='lat' dir='ltr'>etex</span> <span class='ocrx_word' id='word_1_135' title='bbox 235 2192 275 2236; x_wconf 89' lang='lat' dir='ltr'>ea</span> <span class='ocrx_word' id='word_1_136' title='bbox 299 2173 434 2254; x_wconf 88' lang='lat' dir='ltr'>obligas.</span> <span class='ocrx_word' id='word_1_137' title='bbox 459 2173 552 2256; x_wconf 85' lang='lat' dir='ltr'>piper</span> <span class='ocrx_word' id='word_1_138' title='bbox 575 2173 779 2257; x_wconf 71' lang='lat' dir='ltr'>aspargis-et</span> <span class='ocrx_word' id='word_1_139' title='bbox 800 2172 931 2239; x_wconf 88' lang='lat' dir='ltr'>inferes.</span> <span class='ocrx_word' id='word_1_140' title='bbox 1104 2181 1106 2188; x_wconf 83' lang='lat'><em>&#39;</em></span> 
     </span>
    </p>
   </div>
   <div class='ocr_carea' id='block_1_4' title="bbox 108 2313 1066 3230">
    <p class='ocr_par' dir='ltr' id='par_1_5' title="bbox 108 2313 1066 3230">
     <span class='ocr_line' id='line_1_21' title="bbox 113 2313 1065 2382; baseline 0.004 -17"><span class='ocrx_word' id='word_1_141' title='bbox 113 2330 169 2368; x_wconf 91' lang='lat' dir='ltr'>non</span> <span class='ocrx_word' id='word_1_142' title='bbox 192 2314 316 2376; x_wconf 82' lang='lat' dir='ltr'>exemtis,</span> <span class='ocrx_word' id='word_1_143' title='bbox 338 2314 403 2379; x_wconf 86' lang='lat' dir='ltr'>,sed</span> <span class='ocrx_word' id='word_1_144' title='bbox 416 2313 562 2367; x_wconf 87' lang='lat' dir='ltr'>ferroean-</span> <span class='ocrx_word' id='word_1_145' title='bbox 617 2314 689 2368; x_wconf 89' lang='lat' dir='ltr'>uude</span> <span class='ocrx_word' id='word_1_146' title='bbox 708 2316 784 2382; x_wconf 89' lang='lat' dir='ltr'>prius</span> <span class='ocrx_word' id='word_1_147' title='bbox 803 2315 933 2377; x_wconf 85' lang='lat' dir='ltr'>advecta,</span> <span class='ocrx_word' id='word_1_148' title='bbox 960 2313 1065 2369; x_wconf 83' lang='lat' dir='ltr'>Athen.</span> 
     </span>
     <span class='ocr_line' id='line_1_22' title="bbox 113 2384 1066 2470; baseline 0.002 -33"><span class='ocrx_word' id='word_1_149' title='bbox 113 2384 201 2469; x_wconf 76' lang='lat' dir='ltr'>dente</span> <span class='ocrx_word' id='word_1_150' title='bbox 217 2384 372 2470; x_wconf 72' lang='lat' dir='ltr'>calcaribus</span> <span class='ocrx_word' id='word_1_151' title='bbox 382 2386 481 2438; x_wconf 87' lang='lat' dir='ltr'>inustis</span> <span class='ocrx_word' id='word_1_152' title='bbox 492 2401 563 2453; x_wconf 87' lang='lat' dir='ltr'>quae</span> <span class='ocrx_word' id='word_1_153' title='bbox 615 2385 642 2447; x_wconf 88' lang='lat'>3,</span> <span class='ocrx_word' id='word_1_154' title='bbox 667 2386 709 2438; x_wconf 72' lang='lat'>23.</span> <span class='ocrx_word' id='word_1_155' title='bbox 736 2385 835 2468; x_wconf 79' lang='lat' dir='ltr'>isidor.</span> <span class='ocrx_word' id='word_1_156' title='bbox 856 2387 899 2448; x_wconf 91' lang='grc'>17,</span> <span class='ocrx_word' id='word_1_157' title='bbox 920 2387 945 2470; x_wconf 76' lang='lat'>7,</span> <span class='ocrx_word' id='word_1_158' title='bbox 963 2387 991 2439; x_wconf 87' lang='lat'>3.</span> <span class='ocrx_word' id='word_1_159' title='bbox 1017 2384 1066 2440; x_wconf 87' lang='lat' dir='ltr'>ssd</span> 
     </span>
     <span class='ocr_line' id='line_1_23' title="bbox 111 2456 1065 2587; baseline 0.004 -9"><span class='ocrx_word' id='word_1_160' title='bbox 111 2463 562 2581; x_wconf 56' lang='lat' dir='ltr'>llbttttslfflbttlb</span> <span class='ocrx_word' id='word_1_161' title='bbox 615 2456 686 2579; x_wconf 66' lang='lat' dir='ltr'>bd:</span> <span class='ocrx_word' id='word_1_162' title='bbox 709 2456 1065 2587; x_wconf 50' lang='lat' dir='ltr'>littbtttrtltt:</span> 
     </span>
     <span class='ocr_line' id='line_1_24' title="bbox 112 2595 1066 2666; baseline 0.002 -16"><span class='ocrx_word' id='word_1_163' title='bbox 112 2605 185 2660; x_wconf 86' lang='lat' dir='ltr'>cant,</span> <span class='ocrx_word' id='word_1_164' title='bbox 204 2595 316 2664; x_wconf 86' lang='lat' dir='ltr'>figulari</span> <span class='ocrx_word' id='word_1_165' title='bbox 333 2604 409 2651; x_wconf 82' lang='lat' dir='ltr'>creta</span> <span class='ocrx_word' id='word_1_166' title='bbox 423 2598 560 2651; x_wconf 86' lang='lat' dir='ltr'>linuntur“</span> <span class='ocrx_word' id='word_1_167' title='bbox 616 2603 669 2649; x_wconf 89' lang='lat' dir='ltr'>sat.</span> <span class='ocrx_word' id='word_1_168' title='bbox 688 2600 714 2658; x_wconf 87' lang='lat'>3,</span> <span class='ocrx_word' id='word_1_169' title='bbox 736 2599 777 2658; x_wconf 92' lang='grc'>19,</span> <span class='ocrx_word' id='word_1_170' title='bbox 797 2599 820 2650; x_wconf 78' lang='grc'>2.</span> <span class='ocrx_word' id='word_1_171' title='bbox 832 2614 859 2666; x_wconf 90' lang='lat' dir='ltr'>p.</span> <span class='ocrx_word' id='word_1_172' title='bbox 870 2598 933 2651; x_wconf 79' lang='lat'>349.</span> <span class='ocrx_word' id='word_1_173' title='bbox 945 2628 977 2637; x_wconf 90' lang='lat'><em>-</em></span> <span class='ocrx_word' id='word_1_174' title='bbox 992 2614 1066 2666; x_wconf 85' lang='lat' dir='ltr'>spa·</span> 
     </span>
     <span class='ocr_line' id='line_1_25' title="bbox 112 2667 1065 2737; baseline -0.002 -15"><span class='ocrx_word' id='word_1_175' title='bbox 112 2683 184 2735; x_wconf 90' lang='lat' dir='ltr'>quae</span> <span class='ocrx_word' id='word_1_176' title='bbox 203 2673 267 2721; x_wconf 91' lang='lat' dir='ltr'>sunt</span> <span class='ocrx_word' id='word_1_177' title='bbox 286 2668 373 2721; x_wconf 86' lang='lat' dir='ltr'>verba</span> <span class='ocrx_word' id='word_1_178' title='bbox 392 2667 562 2722; x_wconf 87' lang='lat' dir='ltr'>Columellae</span> <span class='ocrx_word' id='word_1_179' title='bbox 618 2669 728 2720; x_wconf 88' lang='lat' dir='ltr'>tulam</span> <span class='ocrx_word' id='word_1_180' title='bbox 755 2684 786 2734; x_wconf 89' lang='lat' dir='ltr'>p.</span> <span class='ocrx_word' id='word_1_181' title='bbox 811 2676 843 2721; x_wconf 90' lang='lat' dir='ltr'>ut</span> <span class='ocrx_word' id='word_1_182' title='bbox 870 2669 921 2721; x_wconf 84' lang='grc'>175</span> <span class='ocrx_word' id='word_1_183' title='bbox 946 2675 982 2737; x_wconf 77' lang='lat' dir='ltr'>et</span> <span class='ocrx_word' id='word_1_184' title='bbox 1008 2670 1065 2722; x_wconf 90' lang='grc'><strong>176.</strong></span> 
     </span>
     <span class='ocr_line' id='line_1_26' title="bbox 111 2738 1065 2806; baseline 0.004 -16"><span class='ocrx_word' id='word_1_185' title='bbox 111 2739 137 2799; x_wconf 90' lang='grc'>8,</span> <span class='ocrx_word' id='word_1_186' title='bbox 157 2740 181 2799; x_wconf 79' lang='lat'>2,</span> <span class='ocrx_word' id='word_1_187' title='bbox 201 2740 225 2791; x_wconf 88' lang='lat'>3.</span> <span class='ocrx_word' id='word_1_188' title='bbox 246 2754 281 2790; x_wconf 87' lang='lat' dir='ltr'>ex</span> <span class='ocrx_word' id='word_1_189' title='bbox 299 2738 383 2790; x_wconf 78' lang='lat' dir='ltr'>Varr.</span> <span class='ocrx_word' id='word_1_190' title='bbox 398 2739 424 2800; x_wconf 98' lang='lat'>3,</span> <span class='ocrx_word' id='word_1_191' title='bbox 439 2740 464 2799; x_wconf 90' lang='grc'>9,</span> <span class='ocrx_word' id='word_1_192' title='bbox 478 2741 502 2791; x_wconf 90' lang='lat'>3.</span> <span class='ocrx_word' id='word_1_193' title='bbox 523 2738 557 2792; x_wconf 90' lang='lat' dir='ltr'>cf.</span> <span class='ocrx_word' id='word_1_194' title='bbox 616 2740 676 2790; x_wconf 88' lang='grc'><strong>177.</strong></span> <span class='ocrx_word' id='word_1_195' title='bbox 696 2744 725 2792; x_wconf 91' lang='lat' dir='ltr'>et</span> <span class='ocrx_word' id='word_1_196' title='bbox 743 2754 788 2805; x_wconf 86' lang='lat' dir='ltr'>ap.</span> <span class='ocrx_word' id='word_1_197' title='bbox 807 2739 922 2806; x_wconf 81' lang='lat' dir='ltr'>Turpin</span> <span class='ocrx_word' id='word_1_198' title='bbox 942 2741 994 2792; x_wconf 80' lang='lat' dir='ltr'>vit</span> <span class='ocrx_word' id='word_1_199' title='bbox 1017 2740 1065 2794; x_wconf 80' lang='lat' dir='ltr'>Ca·</span> 
     </span>
     <span class='ocr_line' id='line_1_27' title="bbox 111 2807 1066 2874; baseline 0.002 -14"><span class='ocrx_word' id='word_1_200' title='bbox 111 2815 142 2860; x_wconf 91' lang='lat' dir='ltr'>et</span> <span class='ocrx_word' id='word_1_201' title='bbox 159 2809 229 2860; x_wconf 93' lang='lat' dir='ltr'>Plin.</span> <span class='ocrx_word' id='word_1_202' title='bbox 240 2808 265 2870; x_wconf 88' lang='lat'>8,</span> <span class='ocrx_word' id='word_1_203' title='bbox 277 2809 317 2860; x_wconf 90' lang='grc'>77.</span> <span class='ocrx_word' id='word_1_204' title='bbox 339 2809 381 2870; x_wconf 90' lang='grc'>10,</span> <span class='ocrx_word' id='word_1_205' title='bbox 392 2809 433 2861; x_wconf 85' lang='lat'>50.</span> <span class='ocrx_word' id='word_1_206' title='bbox 453 2807 559 2863; x_wconf 90' lang='lat' dir='ltr'>Athen.</span> <span class='ocrx_word' id='word_1_207' title='bbox 614 2809 667 2862; x_wconf 91' lang='lat' dir='ltr'>roli</span> <span class='ocrx_word' id='word_1_208' title='bbox 686 2810 775 2862; x_wconf 67' lang='grc'><strong>1190.</strong></span> <span class='ocrx_word' id='word_1_209' title='bbox 795 2809 934 2872; x_wconf 73' lang='grc' dir='ltr'>σπατᾰλην,</span> <span class='ocrx_word' id='word_1_210' title='bbox 953 2809 1066 2874; x_wconf 68' lang='grc' dir='ltr'>σπάθην,</span> 
     </span>
     <span class='ocr_line' id='line_1_28' title="bbox 111 2877 1065 2947; baseline 0.005 -17"><span class='ocrx_word' id='word_1_211' title='bbox 111 2879 137 2939; x_wconf 89' lang='grc'>9,</span> <span class='ocrx_word' id='word_1_212' title='bbox 155 2879 198 2931; x_wconf 87' lang='grc'>33.</span> <span class='ocrx_word' id='word_1_213' title='bbox 220 2878 316 2932; x_wconf 86' lang='lat' dir='ltr'>Galen.</span> <span class='ocrx_word' id='word_1_214' title='bbox 332 2877 384 2932; x_wconf 82' lang='lat' dir='ltr'>fae</span> <span class='ocrx_word' id='word_1_215' title='bbox 402 2879 522 2933; x_wconf 86' lang='lat' dir='ltr'>aliment.</span> <span class='ocrx_word' id='word_1_216' title='bbox 534 2882 559 2942; x_wconf 89' lang='lat'>3,</span> <span class='ocrx_word' id='word_1_217' title='bbox 613 2880 717 2947; x_wconf 89' lang='lat' dir='ltr'>palam,</span> <span class='ocrx_word' id='word_1_218' title='bbox 735 2878 942 2934; x_wconf 85' lang='lat' dir='ltr'>schulterblatt.</span> <span class='ocrx_word' id='word_1_219' title='bbox 963 2879 1000 2935; x_wconf 85' lang='lat' dir='ltr'>cf.</span> <span class='ocrx_word' id='word_1_220' title='bbox 1010 2881 1065 2934; x_wconf 90' lang='lat' dir='ltr'>Du·</span> 
     </span>
     <span class='ocr_line' id='line_1_29' title="bbox 112 2945 1064 3017; baseline 0.005 -17"><span class='ocrx_word' id='word_1_221' title='bbox 112 2948 135 3000; x_wconf 89' lang='grc'>7.</span> <span class='ocrx_word' id='word_1_222' title='bbox 156 2949 198 3000; x_wconf 78' lang='lat'>21.</span> <span class='ocrx_word' id='word_1_223' title='bbox 223 2948 382 3002; x_wconf 86' lang='lat' dir='ltr'>Beekmann</span> <span class='ocrx_word' id='word_1_224' title='bbox 401 2945 505 3003; x_wconf 87' lang='lat' dir='ltr'>Erfind.</span> <span class='ocrx_word' id='word_1_225' title='bbox 525 2950 558 3002; x_wconf 83' lang='lat' dir='ltr'>V.</span> <span class='ocrx_word' id='word_1_226' title='bbox 614 2949 705 3003; x_wconf 87' lang='lat' dir='ltr'>fresne</span> <span class='ocrx_word' id='word_1_227' title='bbox 723 2949 770 3002; x_wconf 86' lang='lat' dir='ltr'>Vl.</span> <span class='ocrx_word' id='word_1_228' title='bbox 799 2966 825 3017; x_wconf 90' lang='lat' dir='ltr'>p.</span> <span class='ocrx_word' id='word_1_229' title='bbox 854 2951 917 3013; x_wconf 88' lang='lat'>318,</span> <span class='ocrx_word' id='word_1_230' title='bbox 945 2965 963 3003; x_wconf 85' lang='lat' dir='ltr'>a</span> <span class='ocrx_word' id='word_1_231' title='bbox 988 2951 1064 3005; x_wconf 77' lang='lat' dir='ltr'>Diea</span> 
     </span>
     <span class='ocr_line' id='line_1_30' title="bbox 109 3019 1066 3090; baseline 0.005 -19"><span class='ocrx_word' id='word_1_232' title='bbox 109 3035 136 3086; x_wconf 91' lang='lat' dir='ltr'>p.</span> <span class='ocrx_word' id='word_1_233' title='bbox 156 3019 306 3072; x_wconf 84' lang='grc'><strong>472-478.</strong></span> <span class='ocrx_word' id='word_1_234' title='bbox 339 3035 417 3074; x_wconf 83' lang='lat' dir='ltr'>meae</span> <span class='ocrx_word' id='word_1_235' title='bbox 442 3021 558 3089; x_wconf 91' lang='lat' dir='ltr'>Antiqq.</span> <span class='ocrx_word' id='word_1_236' title='bbox 614 3021 666 3073; x_wconf 81' lang='lat' dir='ltr'>lex.</span> <span class='ocrx_word' id='word_1_237' title='bbox 677 3021 702 3072; x_wconf 93' lang='lat' dir='ltr'>d.</span> <span class='ocrx_word' id='word_1_238' title='bbox 715 3037 782 3074; x_wconf 90' lang='lat' dir='ltr'>rom.</span> <span class='ocrx_word' id='word_1_239' title='bbox 793 3037 849 3087; x_wconf 88' lang='lat' dir='ltr'>spr.</span> <span class='ocrx_word' id='word_1_240' title='bbox 860 3037 886 3088; x_wconf 90' lang='lat' dir='ltr'>p.</span> <span class='ocrx_word' id='word_1_241' title='bbox 897 3021 959 3073; x_wconf 79' lang='lat'>326.</span> <span class='ocrx_word' id='word_1_242' title='bbox 980 3037 1066 3090; x_wconf 82' lang='lat' dir='ltr'>quare</span> 
     </span>
     <span class='ocr_line' id='line_1_31' title="bbox 110 3090 1066 3158; baseline 0.003 -15"><span class='ocrx_word' id='word_1_243' title='bbox 110 3106 136 3156; x_wconf 93' lang='lat' dir='ltr'>p.</span> <span class='ocrx_word' id='word_1_244' title='bbox 157 3090 217 3143; x_wconf 89' lang='grc'><strong>601.</strong></span> <span class='ocrx_word' id='word_1_245' title='bbox 246 3096 304 3143; x_wconf 84' lang='lat' dir='ltr'>not.</span> <span class='ocrx_word' id='word_1_246' title='bbox 324 3105 342 3142; x_wconf 89' lang='lat' dir='ltr'>a</span> <span class='ocrx_word' id='word_1_247' title='bbox 360 3091 474 3144; x_wconf 87' lang='lat' dir='ltr'>medicis</span> <span class='ocrx_word' id='word_1_248' title='bbox 496 3106 559 3158; x_wconf 85' lang='lat' dir='ltr'>pas·</span> <span class='ocrx_word' id='word_1_249' title='bbox 613 3107 669 3144; x_wconf 91' lang='lat' dir='ltr'>non</span> <span class='ocrx_word' id='word_1_250' title='bbox 688 3098 731 3143; x_wconf 85' lang='lat' dir='ltr'>est</span> <span class='ocrx_word' id='word_1_251' title='bbox 750 3091 902 3158; x_wconf 91' lang='lat' dir='ltr'>quodcum</span> <span class='ocrx_word' id='word_1_252' title='bbox 921 3093 988 3145; x_wconf 70' lang='lat' dir='ltr'>Lern</span> <span class='ocrx_word' id='word_1_253' title='bbox 1000 3092 1066 3146; x_wconf 77' lang='lat' dir='ltr'>For-</span> 
     </span>
     <span class='ocr_line' id='line_1_32' title="bbox 108 3160 1065 3230; baseline 0.004 -18"><span class='ocrx_word' id='word_1_254' title='bbox 108 3160 159 3212; x_wconf 92' lang='lat' dir='ltr'>sim</span> <span class='ocrx_word' id='word_1_255' title='bbox 172 3160 409 3222; x_wconf 89' lang='lat' dir='ltr'>commendantur,</span> <span class='ocrx_word' id='word_1_256' title='bbox 420 3161 559 3215; x_wconf 89' lang='lat' dir='ltr'>Theodor.</span> <span class='ocrx_word' id='word_1_257' title='bbox 614 3162 675 3215; x_wconf 85' lang='lat' dir='ltr'>cell.</span> <span class='ocrx_word' id='word_1_258' title='bbox 708 3162 880 3229; x_wconf 84' lang='lat' dir='ltr'>corrigamus</span> <span class='ocrx_word' id='word_1_259' title='bbox 915 3162 1065 3230; x_wconf 87' lang='lat' dir='ltr'>spathu-</span> 
     </span>
    </p>
   </div>
   <div class='ocr_carea' id='block_1_5' title="bbox 26 3230 1067 3292">
    <p class='ocr_par' dir='ltr' id='par_1_6' title="bbox 26 3230 1067 3292">
     <span class='ocr_line' id='line_1_33' title="bbox 26 3230 1067 3292; baseline 0.004 -10"><span class='ocrx_word' id='word_1_260' title='bbox 26 3271 30 3281; x_wconf 95' lang='lat'>.</span> <span class='ocrx_word' id='word_1_261' title='bbox 109 3230 195 3283; x_wconf 90' lang='lat' dir='ltr'>Prisc.</span> <span class='ocrx_word' id='word_1_262' title='bbox 222 3232 247 3292; x_wconf 80' lang='lat'>2,</span> <span class='ocrx_word' id='word_1_263' title='bbox 266 3231 291 3284; x_wconf 88' lang='lat'>8.</span> <span class='ocrx_word' id='word_1_264' title='bbox 316 3230 364 3285; x_wconf 89' lang='lat' dir='ltr'>fol</span> <span class='ocrx_word' id='word_1_265' title='bbox 383 3232 448 3285; x_wconf 85' lang='lat'>303.</span> <span class='ocrx_word' id='word_1_266' title='bbox 468 3232 494 3285; x_wconf 90' lang='lat' dir='ltr'>b.</span> <span class='ocrx_word' id='word_1_267' title='bbox 515 3233 559 3286; x_wconf 94' lang='lat' dir='ltr'>ed.</span> <span class='ocrx_word' id='word_1_268' title='bbox 613 3247 697 3284; x_wconf 88' lang='lat' dir='ltr'>narn.</span> <span class='ocrx_word' id='word_1_269' title='bbox 725 3261 758 3268; x_wconf 79' lang='lat'>—</span> <span class='ocrx_word' id='word_1_270' title='bbox 783 3232 1011 3287; x_wconf 86' lang='lat' dir='ltr'>tessellatim</span> <span class='ocrx_word' id='word_1_271' title='bbox 1038 3237 1067 3288; x_wconf 87' lang='lat' dir='ltr'>et</span> 
     </span>
    </p>
   </div>
   <div class='ocr_carea' id='block_1_6' title="bbox 108 3299 1068 3654">
    <p class='ocr_par' dir='ltr' id='par_1_7' title="bbox 108 3299 1068 3439">
     <span class='ocr_line' id='line_1_34' title="bbox 108 3299 1068 3369; baseline 0.004 -14"><span class='ocrx_word' id='word_1_272' title='bbox 108 3299 176 3355; x_wconf 82' lang='lat' dir='ltr'>Ald</span> <span class='ocrx_word' id='word_1_273' title='bbox 196 3301 294 3355; x_wconf 81' lang='lat' dir='ltr'>Medic.</span> <span class='ocrx_word' id='word_1_274' title='bbox 312 3319 354 3369; x_wconf 85' lang='lat' dir='ltr'>gr.</span> <span class='ocrx_word' id='word_1_275' title='bbox 374 3302 417 3356; x_wconf 88' lang='lat' dir='ltr'>ed.</span> <span class='ocrx_word' id='word_1_276' title='bbox 433 3302 559 3356; x_wconf 90' lang='lat' dir='ltr'>ldelerII</span> <span class='ocrx_word' id='word_1_277' title='bbox 613 3301 754 3356; x_wconf 90' lang='lat' dir='ltr'>cessell.</span> <span class='ocrx_word' id='word_1_278' title='bbox 774 3309 803 3356; x_wconf 88' lang='lat' dir='ltr'>et</span> <span class='ocrx_word' id='word_1_279' title='bbox 823 3308 908 3357; x_wconf 82' lang='lat' dir='ltr'>cest</span> <span class='ocrx_word' id='word_1_280' title='bbox 933 3303 1018 3358; x_wconf 89' lang='lat' dir='ltr'>codd.</span> <span class='ocrx_word' id='word_1_281' title='bbox 1038 3310 1068 3359; x_wconf 91' lang='lat' dir='ltr'>et</span> 
     </span>
     <span class='ocr_line' id='line_1_35' title="bbox 109 3372 1068 3439; baseline 0.005 -15"><span class='ocrx_word' id='word_1_282' title='bbox 109 3388 136 3439; x_wconf 88' lang='lat' dir='ltr'>p.</span> <span class='ocrx_word' id='word_1_283' title='bbox 156 3372 218 3434; x_wconf 75' lang='lat'>257,</span> <span class='ocrx_word' id='word_1_284' title='bbox 238 3373 281 3426; x_wconf 79' lang='lat'>20.</span> <span class='ocrx_word' id='word_1_285' title='bbox 301 3373 362 3434; x_wconf 78' lang='grc'>278,</span> <span class='ocrx_word' id='word_1_286' title='bbox 382 3374 405 3425; x_wconf 85' lang='grc'>7.</span> <span class='ocrx_word' id='word_1_287' title='bbox 613 3375 673 3427; x_wconf 83' lang='grc'><strong>175.</strong></span> <span class='ocrx_word' id='word_1_288' title='bbox 695 3373 828 3425; x_wconf 70' lang='grc'><strong>179177.</strong></span> <span class='ocrx_word' id='word_1_289' title='bbox 848 3404 880 3410; x_wconf 84' lang='lat'>-</span> <span class='ocrx_word' id='word_1_290' title='bbox 900 3377 1068 3429; x_wconf 73' lang='lat' dir='ltr'>matiana</span> 
     </span>
    </p>

    <p class='ocr_par' dir='ltr' id='par_1_8' title="bbox 108 3443 1068 3654">
     <span class='ocr_line' id='line_1_36' title="bbox 161 3443 1065 3500; baseline 0.007 -6"><span class='ocrx_word' id='word_1_291' title='bbox 161 3443 198 3495; x_wconf 90' lang='lat' dir='ltr'>ad</span> <span class='ocrx_word' id='word_1_292' title='bbox 219 3443 277 3496; x_wconf 86' lang='grc'><strong>174.</strong></span> <span class='ocrx_word' id='word_1_293' title='bbox 308 3459 408 3497; x_wconf 91' lang='lat' dir='ltr'>nomen</span> <span class='ocrx_word' id='word_1_294' title='bbox 433 3443 558 3497; x_wconf 88' lang='lat' dir='ltr'>habeta</span> <span class='ocrx_word' id='word_1_295' title='bbox 612 3444 694 3497; x_wconf 88' lang='lat' dir='ltr'>codd.</span> <span class='ocrx_word' id='word_1_296' title='bbox 714 3444 896 3496; x_wconf 87' lang='lat' dir='ltr'>mattiana</span> <span class='ocrx_word' id='word_1_297' title='bbox 920 3445 948 3498; x_wconf 92' lang='lat' dir='ltr'>in</span> <span class='ocrx_word' id='word_1_298' title='bbox 972 3445 1065 3500; x_wconf 70' lang='lat' dir='ltr'>Edunt</span> 
     </span>
     <span class='ocr_line' id='line_1_37' title="bbox 110 3513 1067 3582; baseline 0.006 -17"><span class='ocrx_word' id='word_1_299' title='bbox 110 3513 189 3566; x_wconf 87' lang='lat' dir='ltr'>malis</span> <span class='ocrx_word' id='word_1_300' title='bbox 223 3515 362 3576; x_wconf 85' lang='lat' dir='ltr'>matianis,</span> <span class='ocrx_word' id='word_1_301' title='bbox 391 3526 467 3582; x_wconf 73' lang='lat' dir='ltr'>‘quae</span> <span class='ocrx_word' id='word_1_302' title='bbox 495 3515 557 3581; x_wconf 84' lang='lat' dir='ltr'>ipsa</span> <span class='ocrx_word' id='word_1_303' title='bbox 611 3515 700 3568; x_wconf 91' lang='lat' dir='ltr'>Diocl.</span> <span class='ocrx_word' id='word_1_304' title='bbox 721 3514 747 3575; x_wconf 83' lang='lat'>6,</span> <span class='ocrx_word' id='word_1_305' title='bbox 766 3515 808 3566; x_wconf 79' lang='lat'>65.</span> <span class='ocrx_word' id='word_1_306' title='bbox 829 3515 946 3582; x_wconf 82' lang='lat' dir='ltr'>Hispani</span> <span class='ocrx_word' id='word_1_307' title='bbox 956 3523 987 3570; x_wconf 93' lang='lat' dir='ltr'>et</span> <span class='ocrx_word' id='word_1_308' title='bbox 999 3517 1067 3571; x_wconf 92' lang='lat' dir='ltr'>Por·</span> 
     </span>
     <span class='ocr_line' id='line_1_38' title="bbox 108 3584 1068 3654; baseline 0.003 -15"><span class='ocrx_word' id='word_1_309' title='bbox 108 3599 164 3639; x_wconf 86' lang='lat' dir='ltr'>non</span> <span class='ocrx_word' id='word_1_310' title='bbox 187 3599 204 3636; x_wconf 88' lang='lat' dir='ltr'>a</span> <span class='ocrx_word' id='word_1_311' title='bbox 228 3585 290 3642; x_wconf 91' lang='lat' dir='ltr'>loco</span> <span class='ocrx_word' id='word_1_312' title='bbox 317 3586 394 3640; x_wconf 84' lang='lat' dir='ltr'>dieta</span> <span class='ocrx_word' id='word_1_313' title='bbox 418 3585 556 3648; x_wconf 84' lang='lat' dir='ltr'>ridentur,</span> <span class='ocrx_word' id='word_1_314' title='bbox 612 3586 772 3654; x_wconf 84' lang='lat' dir='ltr'>tugalcnses</span> <span class='ocrx_word' id='word_1_315' title='bbox 818 3584 912 3639; x_wconf 88' lang='lat' dir='ltr'>adhuc</span> <span class='ocrx_word' id='word_1_316' title='bbox 962 3594 1068 3642; x_wconf 84' lang='lat' dir='ltr'>vocant</span> 
     </span>
    </p>
   </div>
   <div class='ocr_carea' id='block_1_7' title="bbox 0 0 1186 4178">
    <p class='ocr_par' dir='ltr' id='par_1_9' title="bbox 0 0 1186 4178">
     <span class='ocr_line' id='line_1_39' title="bbox 0 0 1186 4178; baseline 0 0"><span class='ocrx_word' id='word_1_317' title='bbox 0 0 1186 4178; x_wconf 95' lang='lat' dir='ltr'> </span> 
     </span>
    </p>
   </div>
  </div>
 </body>
</html>
