2362 4178
248 443 254 451 ’
364 432 424 489 Lib.
444 432 492 489 IV.
529 433 693 490 Pandectet.
966 432 1009 502 69

58 594 134 662 elixi
167 601 199 660 et
228 594 305 660 felia
334 594 492 661 coriandri
524 601 556 661 et
585 597 691 662 solves
723 595 764 661 de
787 595 919 661 inscellc
944 599 1011 665 eius

58 701 90 759 et
111 692 285 778 vaporabis
307 694 339 759 in
364 695 470 761 cinere
495 694 599 760 calido
624 701 656 760 et
678 694 811 760 adema.
840 701 1012 777 antequam

55 782 174 849 fundas
197 782 230 846 in
253 785 394 865 vasculo,
419 784 583 870 perfundis
607 784 769 850 conditam
793 783 887 850 etsie
907 785 1010 869 ponis.

126 873 201 937 120.
228 871 467 939 Caccabina
489 873 637 939 fusile:
661 874 796 953 malvas,
817 893 939 958 porros,
956 875 1011 940 be·

55 967 105 1026 tas
138 963 206 1027 sive
239 962 369 1027 caliclos
399 963 544 1043 elixatos,
573 962 684 1027 turdos
712 962 818 1046 adque
847 961 1012 1028 ericiatum

56 1052 190 1138 pullum,
215 1051 352 1134 copadia
376 1052 510 1136 porcina
529 1050 596 1118 sive
615 1052 737 1137 pullina
755 1058 786 1117 et
801 1056 909 1116 cetera
929 1071 1012 1132 quae

55 1139 89 1205 in
113 1140 276 1226 praesenti
299 1139 419 1206 habere
442 1141 572 1226 poteris,
598 1161 762 1226 conponas
785 1140 941 1204 variatim.
966 1146 1011 1204 t-

55 1249 108 1294 res
133 1229 237 1314 piper,
261 1229 432 1310 ligisficum
457 1249 527 1295 eum
550 1229 615 1294 vini
637 1230 754 1295 veteris
777 1228 886 1314 pende
910 1229 952 1294 ΙΙ.
976 1229 1012 1295 li·

58 1338 196 1399 quamen
227 1318 335 1402 pende
366 1320 391 1382 I.
426 1319 490 1384 mel
521 1317 629 1403 pende
658 1320 683 1383 Ι.
716 1318 779 1383 elei
806 1317 1011 1398 aliquantum.

57 1408 177 1472 iustata
207 1405 260 1493 [id.
285 1406 444 1492 permixta
468 1412 500 1471 et
521 1405 710 1494 temperata]
742 1407 839 1472 mittis
867 1406 901 1470 in
931 1407 1012 1492 pati-

58 1517 132 1560 nam
163 1502 195 1561 et
224 1494 278 1560 fac
307 1501 343 1560 ut
372 1495 499 1562 modice
529 1496 662 1562 ferveat.
695 1502 728 1562 et
759 1517 830 1563 cum
859 1496 1012 1578 coquitur,

58 1584 180 1650 adicies
203 1584 316 1664 lactea,
340 1584 374 1650 in
396 1605 460 1649 uno
485 1605 547 1651 uva
571 1584 726 1651 dissoluta
750 1606 822 1652 cum
840 1586 925 1652 lacte
940 1604 1012 1673 per-

58 1673 185 1740 fundes.
210 1672 353 1759 patinam
375 1693 457 1738 mex,
474 1674 705 1756 constrinxerit,
730 1674 860 1740 inferes.

59 1839 87 1890 et
102 1832 225 1887 adora.
244 1839 390 1901 praeterea
404 1834 510 1888 correxi
565 1835 589 1888 2.
608 1850 636 1901 p.
656 1833 717 1892 268,
735 1833 778 1886 33.
798 1832 921 1886 solves
941 1848 1014 1886 eom·

59 1906 243 1960 interrere
268 1920 319 1969 pro
345 1904 440 1958 inter
464 1921 509 1959 se.
563 1905 680 1968 minues,
708 1902 879 1973 liquefaciet,
906 1902 1013 1959 levabis

59 2007 88 2014 —
111 1973 331 2031 cerefolium
354 1973 510 2030 formano·
565 1977 745 2030 126.sensus
764 1980 821 2030 est:
850 1989 910 2029 eam
935 1975 1030 2030 tritu·r

59 2047 139 2101 minis
167 2047 260 2100 medio
293 2061 363 2100 aevo
392 2047 510 2101 maxime
564 2061 623 2100 ram
654 2047 782 2101 suffunde
813 2047 872 2101 iure
903 2046 938 2100 de
963 2062 1013 2101 suo

60 2117 190 2180 solennis,
206 2116 295 2171 rarior
311 2121 355 2170 est
371 2115 469 2172 caeref.
481 2123 511 2171 et
563 2118 626 2179 sibi,
651 2119 726 2187 quod
752 2118 829 2172 olera
847 2134 908 2171 cum
927 2117 1015 2186 liqua-

564 2189 636 2242 mine
656 2194 685 2244 et
704 2188 767 2243 cleo
784 2192 866 2242 cocta
881 2188 994 2242 habent.

618 2260 655 2314 ad
672 2260 731 2313 120.
751 2258 860 2313 fusile
878 2259 937 2313 iure
951 2274 1014 2326 pro-

564 2329 636 2392 fuso,
663 2330 789 2398 opipare,
815 2329 941 2396 impenso
965 2344 1014 2397 pa-

61 2187 181 2244 chaeref.
200 2187 237 2242 ad
271 2204 312 2253 gr.
339 2190 511 2254 χαιρέφυλλον

61 2261 138 2329 quasi
149 2257 225 2313 foliis
240 2259 390 2320 luxurians,
404 2264 509 2326 putant.

60 2331 109 2386 red
128 2331 223 2384 verior
231 2330 342 2384 videtur
353 2330 511 2394 cerepelum

59 2417 101 2467 ap.
125 2401 232 2456 Colum.
251 2402 293 2463 10,
306 2401 365 2454 110.
384 2400 455 2455 Plin.
469 2401 510 2463 19,

61 2474 120 2527 170.
141 2471 287 2527 salmasio.
309 2472 444 2539 originem
463 2488 511 2526 vo-

25 2581 28 2590 .
60 2545 97 2598 cie
117 2543 225 2598 invenit
243 2543 343 2596 Martin
367 2542 512 2596 Pflanzen·

57 2631 164 2676 namen,
180 2630 207 2682 p.
219 2614 255 2668 30
273 2613 455 2667 intellexerim
465 2629 511 2668 ve-

58 2703 88 2740 ro
108 2685 185 2739 illam
205 2685 287 2738 Plinii
307 2685 349 2746 12,
369 2686 411 2738 30.
431 2684 509 2752 plan-

58 2763 114 2811 tam
129 2755 260 2818 indicam,
277 2770 349 2822 quae
362 2755 509 2824 carophyl-

57 2827 123 2889 lum,
155 2825 251 2881 cariof.
287 2825 423 2893 garycph.
456 2830 508 2880 cet.

58 2898 197 2960 scribitur,
210 2902 239 2951 et
251 2902 294 2951 est
306 2896 508 2962 gewurznelke.

56 2998 89 3007 -—
113 2984 181 3023 uno
206 2983 262 3021 uun
288 2967 399 3020 videtur
417 2983 510 3022 nume-

55 3039 124 3102 rale,
149 3038 200 3093 red
219 3038 265 3092 vel
283 3053 351 3091 una
371 3039 509 3106 corrigen-

58 3110 122 3163 dum
142 3115 172 3163 et
190 3109 374 3176 supplendum
396 3111 507 3176 „parte¹‘

55 3181 100 3235 vel
120 3179 317 3248 explicandum
336 3178 407 3241 solo,
426 3179 509 3245 μόνῳ,

55 3256 176 3312 tantum,
193 3255 244 3304 aut
260 3251 287 3303 in
301 3265 365 3312 unu,
379 3250 509 3311 inunum,

53 3326 85 3375 ut
104 3322 132 3374 in
151 3337 236 3374 uuum
256 3325 345 3374 terere
367 3320 438 3374 dixit
457 3320 509 3374 οο-

52 3392 120 3446 lum.
142 3392 185 3454 12,
204 3392 230 3453 8,
249 3392 273 3444 3.
299 3420 331 3428 -
355 3390 508 3444 medium

564 2405 635 2463 rata,
661 2400 812 2466 opponitur
837 2400 897 2454 119.
924 2400 960 2455 de
981 2415 1015 2454 ea

565 2471 684 2525 ablativi
696 2469 786 2525 forma
795 2471 889 2525 monui
898 2472 936 2525 ad
947 2470 1015 2527 Gar·

565 2542 611 2610 gil.
631 2558 658 2607 p.
678 2541 720 2594 41.
742 2541 786 2594 42.
806 2572 839 2579 -
865 2543 1014 2597 esiciate

565 2613 668 2681 pullu
687 2613 749 2667 cod.
764 2611 830 2666 mihi
846 2617 889 2666 est
904 2614 1013 2668 exiciat.
1089 2663 1090 2666 ,

563 2684 609 2738 vel
623 2684 784 2746 exs'icatum,
802 2688 942 2738 exsectum
956 2684 973 2737 i.
990 2699 1013 2738 e.

564 2756 793 2823 pulpampectus
803 2754 874 2822 pulli
884 2754 1015 2810 384.402.

564 2827 630 2881 cell.
658 2826 718 2879 200.
750 2855 782 2863 —
810 2831 962 2893 gustata
980 2826 1015 2880 id
1034 2879 1051 2897 „

563 2897 744 2964 permixta
775 2902 810 2949 et
841 2901 1014 2964 tempera·

564 2973 634 3020 tam
654 2967 715 3021 cod.
729 2967 805 3034 quod
822 2966 951 3021 mendum
971 2984 1015 3021 ru·
1110 2990 1113 2996 ¹

564 3038 631 3092 stuli
655 3037 692 3090 ad
718 3037 759 3090 67.
784 3039 889 3097 instare
915 3039 1015 3093 estad

563 3110 665 3162 iustam
693 3122 849 3162 mensuram
879 3108 1014 3175 redigere,

563 3179 628 3233 inde
652 3179 765 3241 aiuster,
790 3178 952 3247 aggiurtare
977 3178 1013 3232 al.

563 3265 608 3317 ap.
628 3250 705 3303 Diez.
731 3251 796 3304 Lex.
822 3249 848 3303 d.
868 3265 936 3303 rom.
957 3265 1012 3317 spr.

562 3337 589 3387 p.
611 3321 669 3373 176.
689 3336 740 3388 pro
759 3320 793 3373 in
808 3314 900 3386 figura
913 3320 950 3383 ἢ
971 3324 1015 3374 est

562 3391 589 3444 in
616 3390 678 3444 cod.
705 3421 737 3428 —
767 3405 844 3443 mox
874 3388 957 3443 simul
981 3404 1015 3444 ac

53 3462 208 3517 dimidium.
230 3461 346 3516 caulis
366 3461 507 3515 brassicae
561 3461 655 3515 Vales.
682 3460 719 3515 ed
743 3459 835 3513 Amm.
861 3459 947 3513 Marc.
971 3460 1017 3524 17,Ι

52 3534 211 3595 0107300770,
235 3531 349 3600 κράμβης
375 3533 390 3581 ὅ
417 3531 509 3588 καυλὸς

50 3619 97 3674 ap.
119 3603 258 3658 medicum
270 3603 299 3657 in
312 3601 413 3660 Ideleri
424 3601 506 3679 Oorp.

563 3533 586 3654 ὲ.
607 3533 634 3656 ξ.
652 3531 701 3584 lan
720 3530 757 3584 ad
775 3529 899 3585 Macrob.
917 3534 970 3584 sat
988 3531 1014 3612 l,
