2362 4178
177 391 219 460 28
507 390 568 448 Lm.
586 391 608 448 L
646 389 798 462 Epimelea.

244 553 275 618 2.
313 550 533 619 Conditum
557 553 815 620 melizomum
839 550 1006 640 [viatorum
1027 552 1132 618 eondi-

175 645 243 705 tum
256 641 468 730 melizomum]
494 649 684 727 perpetuum
703 642 789 724 quod
804 642 1061 707 subministratur
1077 662 1134 726 per

176 730 262 795 viam
285 732 521 814 peregrinanti:
551 733 646 814 piper
671 731 776 794 tritum
804 751 876 796 cum
900 731 996 795 melle
1019 731 1133 815 despu

176 826 263 884 mato
287 818 321 884 in
345 821 505 903 cupellam
528 821 626 884 mittis
649 819 768 883 conditi
791 820 862 884 ioco
881 819 975 883 etad
994 840 1133 886 momen

175 912 241 972 tum
266 915 418 991 quantum
442 910 482 973 sit
505 908 677 975 bibendum
700 915 822 972 tantum
842 915 897 971 aut
914 907 1020 972 meliis
1038 928 1134 991 porro

177 993 264 1061 seras
288 1002 344 1060 aut
361 997 469 1062 riuum
487 999 634 1063 misceas.
655 995 714 1061 sed
733 997 888 1061 suaserim
906 995 1052 1061 nonnihil
1071 997 1135 1062 riui

177 1085 346 1238 mplizomo
359 1087 487 1261 lmittas.
510 1084 727 1174 [adiciendum
745 1091 878 1169 propter
892 1085 997 1150 mellis
1016 1085 1134 1151 exitum

175 1175 357 1239 acutiorem

243 1263 274 1328 3.
308 1261 542 1329 Absintium
568 1282 777 1328 romanum
802 1262 850 1327 sic
874 1261 976 1328 facies
1010 1261 1135 1328 condiri

178 1350 338 1417 Camerini
360 1352 544 1435 praeceptis
564 1351 671 1434 utique
688 1371 748 1437 pro
766 1351 905 1416 absintio
922 1360 1084 1433 cessante,
1101 1353 1134 1418 iu

176 1439 266 1505 cuius
287 1441 392 1505 uicem
417 1440 534 1505 absinti
556 1441 677 1522 pontici
696 1441 824 1522 purgati
844 1440 1058 1524 terebintique
1077 1460 1133 1506 un

177 1527 260 1594 ciam
283 1527 464 1594 thebaicam
491 1528 594 1609 dabis,
617 1528 770 1609 masticis,
794 1528 851 1592 ioli
870 1529 929 1594 ΙΙΙ.
953 1529 1036 1594 costi
1058 1529 1133 1596 scri

174 1616 270 1701 pulos
288 1617 345 1682 Vi.
372 1617 458 1683 croci
480 1617 637 1700 scripulos
656 1618 716 1682 ΙΙΙ.
740 1617 806 1681 vini
829 1617 1009 1683 cuiusmodi
1027 1625 1132 1684 sexta·

176 1705 242 1771 rina
264 1705 385 1772 XVIIL
410 1706 567 1771 carbones
590 1704 770 1771 amaritudo
793 1727 858 1771 non
881 1706 993 1788 exigit.

176 1917 629 1988 paulatiminiuuduuturadsex·
682 1918 1134 1986 pa-suaaericomoehmi

176 1991 250 2045 taria
260 1990 317 2044 duo
327 1990 394 2052 vini,
404 1989 628 2059 utincequcudn
682 1988 795 2043 habent.
815 2005 884 2042 corr.
900 2004 962 2043 cum
978 1989 1087 2045 Torius
1104 1998 1135 2046 at

175 2061 360 2116 mellarinum
368 2060 549 2130 decoquatur.
560 2061 628 2114 For·
682 2059 763 2116 eom.
779 2059 904 2115 Geauero
917 2061 945 2114 iu
962 2076 1049 2130 marg.
1065 2061 1134 2117 edit

175 2139 251 2187 rasas
276 2148 341 2200 per
364 2131 485 2186 lucania
510 2132 629 2186 debetur
681 2131 803 2186 humeth.
820 2131 1134 2200 quorumpiam

173 2219 227 2272 pro
244 2206 269 2271 p·
283 2204 301 2257 ’a
315 2219 341 2258 e.
355 2202 461 2271 pondo,
480 2203 577 2257 librae.
593 2232 626 2240 -
682 2204 735 2257 teri
754 2204 895 2258 amicitiae
913 2203 1013 2257 debeo.
1037 2203 1136 2272 placet

171 2276 627 2344 praemissisexyproprae
681 2275 766 2328 etiam
779 2272 878 2327 Barthi
895 2289 1036 2329 suasum
1051 2276 1125 2330 erit

173 2346 284 2400 missi.
303 2347 338 2400 in
356 2346 627 2414 praemissisin·
682 2375 714 2382 -
731 2344 940 2400 solitiorem
956 2345 1040 2400 codd
1051 2361 1134 2416 prae·

173 2416 215 2470 de
242 2415 285 2470 ed
313 2433 356 2486 pr.
383 2446 410 2454 -
443 2424 627 2471 cocturam
681 2421 726 2469 ter
743 2416 787 2470 ed.
807 2432 848 2483 pr.

174 2486 258 2541 codd
279 2517 312 2524 -
331 2485 628 2541 ferulaetr'erula
734 2487 809 2541 ad3.
839 2487 1134 2554 corr.prucouditi

174 2557 307 2612 cudd—
326 2558 628 2626 aetuminquinqua
681 2558 854 2612 camerini
899 2558 991 2611 minua
1037 2559 1133 2614 audax

173 2628 255 2684 codd
276 2635 308 2682 ut
327 2633 472 2690 „coctum⁸
498 2629 559 2681 169.
582 2635 627 2682 cat
680 2644 764 2696 quam
788 2629 870 2682 Hum.
895 2629 941 2696 qui
961 2629 1133 2690 ,absinthia-

173 2701 215 2762 „ai
234 2708 344 2753 coctum
365 2705 434 2753 eat“.
460 2729 492 2736 -
517 2700 544 2751 iu
570 2714 626 2752 amn
680 2706 739 2752 tum
754 2699 1074 2762 --couditocameriuu¹
1090 2717 1133 2758 re·

171 2777 273 2837 putata
300 2768 386 2836 Apici
410 2770 538 2823 oratioue
561 2785 626 2838 sup-
680 2778 763 2838 cepto
775 2771 870 2840 utique
884 2786 935 2837 pro
948 2770 1133 2835 absinthiato,

170 2839 251 2908 picas
271 2839 390 2900 addis·
408 2840 453 2893 rel
480 2841 625 2902 „misceat
679 2848 833 2895 cessante&
877 2842 970 2895 Lister
992 2842 1132 2910 explicat:

171 2938 205 2947 -
243 2910 414 2978 dragmae
454 2911 625 2979 singulae
678 2911 892 2979 proabainthin
909 2910 1133 2969 coniieieudoet

172 2979 256 3034 cedd.
275 2987 305 3036 et
323 2982 537 3035 iamtritiet
552 2998 623 3035 cum
679 2984 1132 3050 quouemoiamautpaueiutnn·

171 3051 241 3119 pip.
261 3081 294 3089 -
319 3052 365 3105 iis
384 3052 540 3121 denique
558 3055 625 3111 εις
677 3054 1132 3121 tuanempeistooemerinocou·

170 3137 223 3189 pro
251 3121 454 3191 iisdemque
481 3123 527 3177 rei
551 3122 624 3177 hia·
678 3123 739 3178 dito
757 3125 813 3178 iam
831 3126 1132 3192 antiquandum

171 3192 257 3247 dem
285 3221 313 3230 -
344 3193 524 3247 emollitis
542 3209 577 3248 ex
595 3199 623 3255 β.
677 3195 765 3249 ricem
790 3194 844 3248 hoc
869 3211 1013 3250 romanum
1033 3197 1131 3252 eondi-

169 3278 222 3331 pro
249 3262 425 3317 mollitis.
456 3294 488 3301 -
523 3264 623 3319 levia
677 3273 735 3319 tum
753 3266 794 3318 aie
812 3265 908 3319 iacies
931 3296 964 3303 -
985 3282 1056 3321 corr.
1075 3284 1130 3336 pm

170 3334 623 3402 coraproleuia-adernut
676 3337 894 3405 tacendique
920 3352 955 3391 ex
982 3338 1054 3392 Piiu
1085 3340 1130 3401 14,

169 3419 205 3458 ex
223 3409 328 3472 ,ἦρτο
346 3405 488 3459 addere.
677 3407 737 3460 119.
767 3408 839 3461 cou'a
868 3408 934 3462 olim
958 3411 1130 3469 ‚semmae

222 3476 260 3529 ad
278 3477 302 3528 2
322 3492 430 3545 porro
450 3473 468 3528 f.
488 3491 621 3544 compro
675 3478 1125 3535 caoeouiano.Caaaoniireirmti

168 3544 340 3618 proferas
358 3545 619 3603 valinieraaed
675 3549 1130 3621 moeupmmancolmas,
