2362 4178
464 451 616 508 Ρηθίατίο.
973 456 1013 519 17

31 594 35 600 ³
54 613 241 697 „offensam
256 611 388 696 sineque
402 611 510 677 taedio
527 633 548 675 a
569 611 721 677 studiosis
742 612 886 678 omnibus
901 619 934 679 ct
949 613 1016 697 legi

57 727 115 803 „et
126 718 267 784 maxima
279 738 319 783 ex
332 723 423 801 parte
434 717 568 799 intelligi
581 717 692 801 possit,
708 717 865 784 edidimus
873 711 1012 802 inquam,

56 832 117 910 „ut
140 825 258 891 etaliis
274 824 315 889 de
330 823 447 888 musilli
470 823 676 889 succurrendi
697 826 909 908 occasionem,
934 827 1013 909 pria

57 953 141 1016 „cos
164 932 197 997 in
220 930 281 996 hcc
305 932 465 1011 aemulati,
491 930 544 1011 qui
567 930 751 1014 priusquam
765 951 817 996 ars
834 931 960 998 medica
982 933 1017 997 in

58 1037 270 1122 „methodum
286 1043 371 1103 esset
385 1035 517 1102 redacta
531 1037 650 1101 morbis
674 1057 848 1120 oppressos
867 1037 900 1102 in
916 1037 1017 1103 triviis

58 1150 116 1226 „et
128 1143 276 1227 compitis
285 1144 477 1225 statuebant,
495 1150 529 1207 ut
542 1164 562 1206 a
577 1142 853 1226 praetereuntibus
870 1142 1015 1209 salubres

59 1252 265 1333 „morborum
280 1249 424 1316 medelas
440 1249 689 1332 per·discerent.“
706 1254 740 1313 ut
753 1249 821 1314 eius
840 1249 945 1314 insani
961 1258 1018 1317 cri·

47 1352 138 1439 '„tici
149 1355 306 1422 rationem
320 1355 508 1440 perspicias,
526 1355 661 1421 deliciae
677 1360 818 1436 nostrae,
835 1361 932 1436 atquo
950 1356 1018 1422 eius

59 1482 201 1544 „nomen
213 1462 425 1545 nonamplius
445 1462 582 1545 spatium
594 1480 782 1528 concessum
802 1461 940 1545 claudat,
957 1463 1022 1546 pri·

59 1589 170 1651 „mam
189 1568 453 1653 compositionem
473 1570 551 1634 satis
570 1569 674 1634 habeo
694 1568 890 1652 appinxisse.
918 1568 1020 1654 „Con-

60 1674 142 1757 „diti
165 1675 328 1758 paradoxi
352 1675 541 1758 compositio
572 1675 617 1741 sio
640 1674 754 1740 habet:
785 1675 889 1740 mellis
911 1682 1020 1759 partes

60 1779 267 1864 „quindecim
289 1781 324 1845 in
345 1800 403 1845 vas
427 1801 562 1846 aeneum
584 1781 755 1862 mittuntur,
780 1781 965 1864 praemissis
988 1784 1021 1849 in

60 1887 118 1970 „id
132 1887 199 1951 vini
219 1886 368 1952 sextariis
388 1885 523 1968 duobus,
540 1907 623 1969 quae
639 1887 758 1971 pariter
772 1887 927 1970 adusque
944 1892 1019 1957 mel-

60 1994 124 2075 „lis
141 1993 252 2059 elixati
267 1991 521 2075 crassitudinem,
544 1993 606 2058 hoc
622 1999 680 2075 est,
703 1994 861 2077 tantisper
881 1993 958 2060 dum
976 1997 1021 2061 vi·

61 2120 164 2185 „num
179 2105 310 2165 coctura
326 2105 539 2182 consumatur,
563 2099 631 2180 igni
645 2100 732 2165 lento
758 2105 790 2165 et
810 2100 906 2181 lignis
921 2102 1019 2168 aridis

60 2206 315 2289 „decoquantur,
340 2205 386 2270 sic
404 2210 437 2268 ut
454 2204 590 2270 calfacta
606 2204 718 2270 sedulo
733 2205 767 2270 in
783 2206 1021 2272 terelixandum

60 2312 191 2395 „ferula
206 2316 476 2377 commoveantur.
494 2311 521 2376 si
538 2311 694 2376 effervere
713 2311 856 2394 coeperit
876 2312 1017 2395 elixatio,

61 2416 152 2500 „vini
165 2438 239 2483 rore
256 2417 479 2501 compescitur,
502 2416 731 2501 praeterquod
748 2419 927 2483 substracto
950 2419 1019 2501 igni

50 2524 119 2607 „iu
135 2543 171 2590 se
191 2522 284 2589 redit.
302 2543 397 2607 quum
410 2523 601 2606 perfrixerit,
616 2543 724 2589 rursus
740 2523 936 2590 accenditur.
954 2524 1018 2592 hoc

62 2628 232 2711 „secundo
255 2650 294 2695 ac
309 2630 401 2695 tertio
424 2629 479 2694 fiet
502 2636 598 2712 atque
620 2636 687 2695 tum
710 2629 838 2695 demum
860 2636 1018 2696 remotum

63 2757 107 2818 „a
119 2735 205 2800 foco.
219 2735 374 2819 postridie
387 2735 592 2819 despumatur
605 2757 676 2801 cum
692 2737 812 2823 piperis
825 2737 926 2802 unciis
945 2758 1020 2820 qua·

63 2847 169 2923 „tuor,
192 2841 257 2906 iam
281 2841 373 2907 tritae
395 2835 568 2908 mastiches
592 2843 747 2927 scrupulis
770 2842 879 2924 tribus,
904 2843 972 2908 folii
993 2850 1024 2910 et

63 2948 176 3031 „croci
193 2947 354 3014 drachmis
369 2948 513 3030 singulis,
530 2944 729 3032 dactylorum
748 2948 873 3013 ossibus
893 2949 1021 3014 torridis

63 3053 241 3136 „quinqnc,
264 3053 378 3120 iisdem
395 3054 532 3138 dactylis
547 3054 621 3119 vino
638 3053 855 3136 praemollitis‚
887 3053 1021 3119 interce-

64 3158 188 3241 „dente
202 3158 355 3226 videlicet
369 3161 457 3244 prius
473 3159 647 3225 suffusione
670 3159 745 3240 vini,
769 3158 811 3225 de
834 3179 892 3225 suc
916 3161 1024 3242 utique

65 3264 187 3347 „modo
204 3285 244 3330 ac
259 3286 402 3349 numero,
426 3272 461 3331 ut
475 3265 586 3330 tritura
607 3266 689 3332 lenis
704 3265 870 3332 habeatur,
893 3265 942 3331 his
960 3286 1024 3331 om·

64 3372 185 3455 „nibus
206 3373 268 3438 rite
289 3373 411 3457 paratis
435 3372 636 3456 supermittes
670 3372 736 3437 vini
769 3371 850 3437 lenis
885 3372 1027 3436 sextaria

67 3477 282 3563 „octodecim
300 3480 456 3544 carbones
467 3477 611 3561 perfecto
625 3477 748 3544 addere
761 3477 824 3543 duo
836 3477 936 3541 millia
952 3498 1032 3567 con-¹

66 3585 218 3668 „gruit“..
234 3585 282 3650 sic
303 3585 338 3648 in
361 3584 508 3650 omnibus
538 3590 572 3648 ut
601 3585 690 3650 lubet
722 3583 774 3649 vel
796 3567 917 3648 'omittit
944 3604 1027 3666 quae

94 3689 121 3733 0.
135 3690 231 3742 Apicius
245 3691 280 3732 ed.
295 3689 390 3732 sobach.
870 3707 886 3761 2
