2362 4178
116 384 161 452 40
434 382 495 442 tlh.
512 382 547 442 11
584 381 743 456 Sarooptes

185 550 237 615 39.
269 544 398 613 Isioia
421 543 472 610 de
496 543 667 627 squillis
691 545 757 611 vel
781 543 829 611 de
852 545 1072 615 cammaris

78 634 85 653 ¹
116 631 281 722 a'mplis:
318 633 469 701 cammari
498 634 550 699 vel
581 633 716 715 squillae
746 633 789 700 de
818 638 902 700 tesia
924 653 985 702 aua
1008 635 1071 703 exi·

116 734 241 792 muntor
265 731 297 791 et
318 724 351 788 in
374 721 524 786 mortario
548 728 691 788 teruntur
708 742 778 788 cum
794 721 909 806 pipere
925 729 958 790 et
971 723 1072 808 liqua-

115 816 201 881 mine
225 814 354 897 optimo.
378 811 479 894 pulpa
500 810 592 875 isicia
615 811 806 893 plassantur.

186 905 238 969 40.
264 901 483 968 Omeutata
506 899 564 964 ita
585 897 712 964 liunt:
743 918 834 964 assas
856 898 948 965 iocur
969 900 1073 985 porei·

115 1012 191 1058 num
224 997 257 1059 41
287 1009 357 1056 eum
382 1007 526 1054 enervos.
559 993 634 1053 aute
656 994 763 1055 tamen
786 993 872 1053 teras
894 988 1001 1075 piper,
1023 1009 1073 1057 ru·

26 1088 33 1101 '
114 1086 190 1162 tam,
221 1081 381 1163 liquamen
412 1082 444 1142 et
472 1075 518 1142 sio
548 1076 742 1161 supermittis
764 1076 853 1143 iocur
877 1082 910 1142 et
930 1082 1020 1145 teres
1042 1084 1075 1147 et

114 1170 240 1251 misces,
264 1170 348 1235 siout
369 1166 469 1249 pulpa
493 1171 622 1232 omento
645 1165 691 1229 ita
714 1169 746 1232 et
762 1165 891 1248 singula
905 1165 1072 1233 iuvolruu·

114 1264 165 1324 tur
188 1257 266 1324 folia
288 1254 378 1323 lauri.
404 1253 502 1320 etad
524 1252 644 1318 fumum
667 1253 905 1339 suspenduntur
920 1254 1073 1337 quamdiu

114 1347 213 1414 voles.
239 1367 312 1415 cum
335 1341 530 1410 manducare
553 1342 703 1424 volueris,
734 1343 828 1410 tolles
859 1341 900 1408 de
929 1342 1019 1410 fumo
1041 1350 1075 1411 et

112 1433 218 1501 denuo
241 1452 342 1500 assas.

181 1525 234 1588 41.
271 1525 319 1589 Ε1
341 1519 508 1585 siolum:
544 1517 667 1584 adicies
697 1518 730 1583 in
760 1519 945 1587 mortarium
967 1519 1071 1607 piper,

112 1699 197 1752 novici
223 1719 270 1750 ovs
289 1699 317 1754 in
336 1698 437 1755 Zenob.
449 1714 528 1768 prov.
540 1698 566 1759 3,

115 1770 159 1827 24.
180 1800 211 1809 -
232 1771 328 1825 malim
346 1776 382 1825 et
397 1770 565 1824 44444139.

112 1872 144 1881 -
167 1840 335 1910 frigatur
353 1841 381 1895 in
399 1842 531 1909 plurimis.

168 1913 205 1966 ad
224 1914 266 1966 39.
310 1911 449 1966 14411114
484 1912 565 1967 codd.

115 1982 241 2038 saillis
257 1983 300 2037 cd.
312 1998 352 2050 pr.
362 1983 465 2051 squilla
486 1982 567 2038 scilla

111 2053 206 2122 scylla
232 2054 343 2106 variant
369 2068 412 2121 ap.
433 2054 503 2107 Plin.
522 2055 566 2118 32,

114 2125 175 2180 151.
196 2125 222 2188 9,
243 2124 401 2178 144441.
424 2125 466 2186 13,
478 2125 521 2178 63.
533 2155 564 2162 -

117 2195 253 2265 pulpae
278 2195 321 2250 ed.
342 2211 382 2263 pr.
403 2210 464 2250 com
484 2194 565 2250 codd

166 2267 204 2321 ad
221 2267 267 2322 40.
297 2267 409 2329 iocur,
428 2266 566 2329 iocineris,

131 2352 162 2392 ro
174 2338 206 2392 ie
214 2354 274 2394 our
284 2338 387 2406 ubique
396 2338 494 2406 scripsi
505 2353 566 2392 cum

110 2355 233 2478 glingio,
252 2408 362 2463 Halmio
384 2409 491 2464 emend
510 2408 565 2462 Va-

621 1699 703 1753 cies.
740 1694 893 1754 Adicias
916 1699 1071 1757 inmort.

620 1774 686 1826 ost
705 1773 737 1823 ut
746 1769 789 1823 43.
796 1769 991 1833 ’,4444444414
1009 1787 1071 1829 eun

620 1844 773 1911 geroeto‘,
791 1847 822 1895 et
835 1854 1071 1902 ..4444144444

620 1917 685 1967 ou“.
723 1908 1071 1978 441414444141.,44»

620 1999 673 2038 sas.
706 1982 744 2035 Et
757 1982 870 2037 sioiumr
888 1983 1023 2049 adicies‘·.
1040 1991 1074 2040 41

619 2053 796 2123 suppleretur
822 2054 881 2116 „ita
902 2052 1019 2120 iacies·‘‚
1042 2060 1073 2113 41

619 2132 685 2195 post
704 2124 870 2186 „conoides”
885 2133 981 2183 mente
994 2143 1072 2196 repe·

619 2196 1073 2266 tendaemntqmesupradoem

618 2272 692 2328 sunt,
723 2280 784 2321 eam
809 2282 867 2321 rem
892 2274 1004 2324 coctam
1041 2275 1073 2327 et

619 2338 690 2392 isicii
714 2352 792 2393 more
811 2336 953 2394 concisam
978 2356 1073 2397 omen·

619 2409 733 2463 tandam
758 2408 774 2460 i.
800 2425 824 2464 e.
850 2415 965 2466 omento
996 2412 1073 2469 inon-

111 2480 161 2534 ler.
190 2494 217 2548 p.
245 2481 270 2533 4.
300 2479 336 2532 al.
367 2510 398 2516 —-
428 2496 463 2534 ex
482 2479 564 2535 codd.

111 2556 301 2605 omentata
336 2548 390 2604 feei
421 2558 565 2606 omento

112 2621 174 2675 ita.
195 2619 229 2675 ef.
248 2621 291 2674 43.
312 2620 445 2674 164191.
466 2651 498 2659 --
519 2621 564 2675 in·

619 2480 742 2536 tiendum
764 2495 826 2534 esse
844 2479 1011 2551 1414144444
1030 2484 1072 2539 ita

619 2557 714 2605 natum
752 2548 828 2606 fumo
857 2550 1015 2608 durandum
1041 2560 1073 2611 et

620 2637 681 2676 oum
701 2621 798 2676 lubeat
816 2622 975 2679 assandmu
1009 2624 1082 2690 Quo·

110 2690 565 2750 volvanturluinvolutan-
619 2693 688 2747 dato
707 2691 846 2748 abaltero
866 2693 1072 2756 ,44141441-

98 2768 169 2829 ,tur
187 2760 246 2813 δθκ.
266 2762 309 2815 ed,
329 2776 370 2828 pr.
389 2761 423 2814 H.
446 2791 476 2799 -
506 2763 565 2817 de·
618 2763 737 2818 docetur
754 2763 832 2831 quod
849 2764 876 2818 iu
892 2763 1015 2821 buletari
1026 2781 1073 2823 44·

112 2830 127 2885 f
132 2848 243 2886 umum
269 2837 294 2894 β.
319 2833 379 2886 ie.
400 2830 565 2896 defumenm,
619 2850 669 2902 per
686 2841 810 2889 assatum
829 2834 937 2889 isicium
955 2844 1072 2895 omento

112 2900 254 2956 fumidum.
274 2903 375 2970 placet
391 2932 423 2942 -
438 2904 564 2958 aicium
618 2904 753 2959 inclusum
765 2911 904 2974 anteaque
914 2905 952 2961 ad
964 2905 1073 2964 fumum

111 2977 137 3036 β.
158 2972 235 3042 quod
260 2979 335 3027 esset
361 2973 503 3036 ‚‚isioium“
529 2973 563 3029 cf.
619 2991 782 3043 suspensum
802 2973 944 3041 fundatur,
962 2979 1072 3036 41383.

113 3044 173 3098 116.
193 3044 253 3097 391.
272 3043 336 3098 406.
357 3045 415 3097 166.
441 3060 564 3099 sucum
618 3046 757 3113 porcellus
776 3047 924 3101 conditura
946 3047 974 3102 14
992 3044 1073 3106 bole-

110 3111 149 3180 γδ.
178 3129 322 3169 4444444
351 3115 405 3173 lix.
431 3115 564 3170 siecum
618 3117 672 3170 tari
690 3114 876 3184 perfunditur.

111 3203 137 3233 π.
165 3185 209 3240 ed.
235 3200 275 3254 pr.
302 3185 381 3239 Hum.
409 3187 456 3253 qui
475 3185 566 3240 edidit
670 3187 769 3241 4441.
788 3188 996 3255 4414144444.
1015 3204 1073 3258 pa·

110 3261 146 3309 et
174 3257 309 3310 siecum
344 3256 504 3311 adiicies
531 3257 564 3310 in
617 3257 738 3311 stulas
756 3275 784 3309 π.
809 3257 953 3314 assulas
971 3264 998 3321 β.
1024 3261 1071 3317 ed.

109 3327 320 3380 mortarium
366 3326 486 3394 piper.
532 3332 565 3381 ut
616 3343 657 3395 pr.
677 3327 710 3382 Η.
731 3325 765 3381 ol'.
784 3327 1071 3388 voracissimum

109 3396 232 3459 „siecum
259 3397 438 3451 mortarium‘
475 3396 562 3452 habes
617 3398 783 3466 1414360.
803 3398 1074 3469 silligadPlimle.

109 3467 252 3537 3804414
268 3482 324 3522 444
334 3467 450 3523 deliret!
470 3468 562 3523 inveni
615 3469 658 3523 44
684 3470 727 3523 ol.
754 3499 786 3507 -
811 3468 973 3527 habeant
997 3487 1071 3529 oorr.

110 3543 140 3592 41
162 3552 265 3594 assas
289 3544 324 3594 et
344 3554 465 3594 suoum
483 3538 561 3593 adi·
614 3555 667 3609 pro
693 3538 834 3596 habeat.
861 3570 895 3580 -
920 3547 959 3598 ut
981 3558 1020 3600 ex
1042 3549 1072 3608 ,4.
