2362 4178
508 362 674 427 'mittio-
978 418 981 423 ,
1030 366 1074 435 23

133 520 223 593 abhuc
245 525 314 608 iuuit,
343 525 468 614 plenior
498 525 642 595 redditus
671 533 720 594 est
743 534 775 593 at
796 526 902 591 multis
924 525 1004 593 locis
1027 526 1082 618 1ιι·4

133 632 244 702 colente
258 632 396 716 adiutus,
421 652 614 719 quamquam
629 633 754 700 mendis
771 633 824 698 vix
838 633 988 699 tollendis
1003 653 1072 700 soa·

67 784 70 789 -
129 741 185 806 ant
206 745 238 807 et
259 739 393 806 vocibus
415 740 581 807 abundant
609 760 692 824 quae
714 740 821 807 lexica
844 741 916 806 Tua
937 741 1071 823 maiora,

65 798 74 869 i
123 843 151 911 iu
172 845 285 928 quibus
308 846 492 913 Porcellinii
515 853 547 913 et
568 847 729 938 Ducangii
748 847 991 937 novissimarum
1006 847 1072 914 edi·

120 951 247 1034 tionum,
271 972 335 1018 non
359 953 640 1038 comprehendunt.
659 952 750 1019 dabis
765 953 850 1035 mihi,
874 954 922 1019 vir
940 953 1071 1037 ingenio

118 1059 366 1143 elegantissimo,
390 1066 563 1145 antequam
580 1061 677 1126 limen
692 1060 786 1144 Apici
800 1059 893 1142 intro,
914 1060 1071 1126 siccorum

113 1164 350 1251 pigmentorum
379 1173 411 1233 et
440 1167 598 1251 liquorum
626 1166 756 1233 nomina
786 1186 956 1252 perperam
984 1166 1071 1249 picta

113 1291 242 1354 sanare,
266 1274 315 1342 'l'e
337 1293 402 1343 non
420 1272 506 1341 nudo
522 1275 695 1343 mandasse
715 1273 867 1342 excubias
884 1278 918 1338 ul
932 1292 953 1337 a
967 1271 1071 1358 prima

112 1378 199 1449 linea
221 1380 404 1464 intellegas.

181 1486 420 1571 ,zynipsrum
451 1487 518 1554 eius
541 1488 663 1556 codicis
686 1487 763 1555 alibi
786 1487 898 1554 melius
922 1483 1071 1551 scribitur

111 1591 315 1676 zinziberum,
339 1593 489 1679 zinziber,
513 1594 661 1679 gingiber
684 1600 796 1679 estque
819 1592 956 1659 nationis
979 1592 1070 1656 Tuae

110 1698 311 1783 gingembre.
340 1699 381 1766 ci.
401 1701 444 1767 ad
458 1703 510 1767 29.
532 1723 591 1787 pro
620 1702 801 1788 „gentima“
836 1700 980 1766 codicem
1009 1700 1066 1765 ha-

110 1807 190 1873 bero
214 1806 364 1892 ,gentia“
389 1813 523 1873 testatur
546 1807 682 1874 Salmas.
713 1808 745 1873 in
770 1797 869 1873 Solii.
894 1827 925 1891 p.
944 1807 1018 1872 823.
1036 1827 1066 1873 a.

113 1932 264 1998 essequo.
282 1918 373 1999 putat
403 1914 501 1998 gotia,
525 1916 689 2000 gethyum,
719 1905 839 2002 γήθυον
862 1935 919 1982 seu
934 1905 1066 2001 γίγιειον,

112 2036 251 2103 quocum
281 2038 346 2084 uon
374 2019 470 2102 facio,
503 2041 543 2087 ea
574 2023 658 2089 enim
688 2043 771 2108 cepa
794 2024 910 2088 Nostro
934 2027 1067 2087 vocatur

109 2126 306 2211 pollachana
328 2126 369 2193 cf.
387 2129 429 2194 ad
452 2130 533 2196 145.
551 2129 628 2196 mihi
651 2135 700 2195 est
721 2128 816 2194 Plinii
841 2130 892 2210 19,
920 2130 991 2193 102.
1016 2147 1066 2195 se·

100 2233 214 2315 ,tanim
240 2235 292 2317 19,
316 2235 370 2301 95.
393 2236 608 2320 Theophrasti
629 2235 700 2304 nise
725 2237 824 2319 plant.
849 2236 880 2316 7,
904 2235 936 2316 4,
960 2236 990 2299 7.
1016 2255 1065 2301 se-

113 2338 235 2423 tanion,
261 2331 407 2428 σητάνιον
429 2332 597 2431 κρόμμυον
619 2342 659 2410 ef.
685 2341 728 2408 ad
751 2342 825 2408 356.
853 2340 991 2425 ,limmi“
1018 2347 1067 2406 est

109 2446 188 2528 rimi,
217 2445 319 2531 thymi
348 2448 369 2514 i.
395 2469 422 2515 e.
446 2447 622 2514 folliculum
649 2449 717 2515 eius
740 2468 812 2515 oum
835 2447 956 2513 semine
978 2446 1067 2533 quod

111 2553 146 2618 in
169 2572 209 2618 eo
234 2555 421 2637 continetur,
445 2561 480 2620 ut
502 2557 585 2622 baca
607 2560 697 2621 rutae
714 2556 776 2620 187
781 2605 788 2621 .
808 2555 880 2620 138.
897 2555 972 2619 473.
1000 2552 1066 2638 „ia-

110 2659 257 2726 stinaca“
280 2665 329 2726 est
346 2659 472 2727 fascina
486 2660 615 2728 Catonis
632 2662 685 2744 37,
701 2661 731 2728 5.
749 2660 842 2728 ovid.
855 2661 928 2726 fast.
942 2662 973 2739 4,
989 2659 1064 2726 754.

66 2835 71 2840 ,
110 2767 187 2833 inde
210 2768 426 2834 Romanorum
449 2767 675 2834 hodiernorum
701 2767 826 2833 fascina
849 2772 880 2832 et
903 2765 1066 2832 Gallorum

109 2873 236 2941 lasciue
268 2872 362 2961 (Diez
385 2875 463 2939 Lex.
492 2871 523 2937 d.
548 2893 625 2937 rom.
651 2893 714 2960 spr.
739 2893 770 2956 p.
799 2872 886 2960 140.)
917 2892 976 2955 pro
999 2873 1066 2937 vul·

108 2981 183 3062 gari
205 2999 288 3046 voco
310 2979 493 3045 fasciculus.
520 2978 623 3064 „alin“
650 2984 699 3044 est
720 2979 785 3043 aliu
807 2979 827 3043 i.
848 2998 876 3044 e.
898 2978 994 3042 alium
1008 2997 1067 3043 seu

108 3085 231 3151 allium.
264 3085 421 3170 „ospera“
447 3105 512 3149 non
541 3090 614 3150 sunt
636 3076 766 3171 ὄσπρια,
797 3089 945 3167 corrupte
968 3081 1067 3165 spiria

108 3214 163 3279 ap.
182 3193 266 3257 Non.
282 3212 313 3275 p.
334 3192 405 3256 138.
430 3190 463 3255 in
479 3210 597 3272 ervum,
622 3209 728 3273 neque
744 3196 883 3273 ospreta,
908 3178 1064 3276 ὀσπρητά,

109 3296 171 3363 sed
195 3317 332 3383 prasum,
357 3287 479 3381 abacos
499 3296 552 3361 vel
568 3297 664 3361 alium
680 3296 948 3380 scorodoprason,
974 3315 1066 3380 σκορ-

108 3394 275 3492 δόπρασον
297 3404 443 3468 Dioscor.
466 3404 496 3484 2,
515 3404 587 3468 182.
603 3403 684 3467 Plin.
706 3402 757 3466 85.
773 3402 824 3466 63.
849 3400 956 3464 allium
972 3400 1065 3464 libra·
1151 3458 1157 3467 ,

106 3517 176 3583 tum
198 3511 232 3585 in
254 3504 362 3600 Priap.
387 3509 441 3601 51,
466 3511 518 3586 22.
543 3508 662 3607 Vergil.
686 3513 797 3587 moret.
822 3508 874 3584 88.
900 3504 1065 3606 Gallorum
