2362 4178
252 997 420 1089 Incipit
442 995 565 1090 Apici
588 995 706 1067 Caeli
730 995 940 1086 epimeles.

530 1140 610 1207 LIB.
635 1141 660 1207 Ι.

184 1301 212 1368 1.
237 1297 457 1368 eonditum
474 1299 745 1386 paradoxum:
765 1296 896 1388 [conditi
911 1297 1071 1387 paradoxi

111 1388 307 1478 conpositio]
326 1388 429 1456 mellis
446 1395 557 1476 partes
573 1390 634 1456 XV
649 1390 681 1455 in
705 1409 841 1456 aeneum
864 1408 922 1455 vas
945 1389 1070 1456 mittun-

107 1486 162 1546 tur
192 1479 376 1566 praemissis
405 1477 470 1543 vini
493 1479 641 1544 sextariis
664 1479 800 1561 duobus,
829 1485 863 1545 ut
884 1479 917 1544 in
941 1483 1071 1547 coctura

108 1568 215 1635 mellis
244 1569 352 1634 vinum
383 1565 554 1649 decoquas,
589 1566 675 1652 quod
706 1568 773 1650 igni
801 1569 888 1634 lento
917 1573 949 1634 et
972 1568 1071 1635 aridis

112 1656 211 1740 lignis
242 1655 432 1723 calefactum
462 1661 642 1721 conmotum
670 1655 773 1722 serula
806 1655 892 1743 [dum
915 1655 1070 1746 coquitur]

114 1746 141 1810 si
167 1746 322 1811 effervere
346 1744 499 1830 coeperit,
523 1744 587 1809 vini
614 1765 684 1810 rore
705 1745 916 1831 conpescitur,
942 1751 1071 1830 praeter

116 1835 200 1916 quod
221 1835 382 1900 subtracto
400 1834 467 1916 igni
486 1834 518 1897 in
538 1853 573 1898 se
592 1834 685 1900 redit.
707 1854 778 1900 cum
794 1833 985 1920 perfrixerit,
1005 1854 1070 1899 rur·

118 1941 171 1987 sus
194 1922 390 2003 accenditur,
418 1922 479 1988 hoc
512 1922 653 1988 secundo
677 1944 717 1988 nc
739 1923 832 1987 tertio
855 1922 910 1988 fiet
943 1944 982 1990 ac
1005 1929 1070 1988 tum

122 2010 243 2077 demum
267 2016 424 2076 remotum
447 2010 559 2076 uioco
580 2011 733 2097 postridie
754 2010 970 2096 despumatur.
996 2017 1071 2079 tunc

123 2100 238 2186 piperis
261 2121 333 2166 unc.
358 2101 434 2166 IIII.
460 2099 585 2166 contriti
604 2100 746 2166 masticis
766 2100 923 2186 scripulos
939 2101 997 2168 111.
1013 2100 1071 2168 soli

127 2194 155 2251 et
175 2189 256 2256 croci
273 2189 426 2271 drogmru
449 2189 592 2271 singulas
621 2189 810 2256 dactilorum
834 2189 958 2254 ossibus
981 2189 1070 2255 toni·

132 2274 173 2341 dis
195 2278 331 2362 quinque
353 2277 395 2343 iis
415 2277 553 2360 denique
575 2275 722 2366 [ductilis]
746 2277 820 2342 vino
842 2277 999 2359 emollitis,
1022 2278 1069 2343 in·

134 2365 302 2432 teroedente
334 2367 423 2452 prius
454 2366 627 2433 suffusione
658 2367 723 2432 vini
756 2365 797 2432 de
828 2384 886 2430 suo
910 2366 1007 2432 modo
1031 2387 1070 2434 ac

135 2471 249 2521 numero
272 2461 307 2520 ut
324 2455 436 2520 tritura
454 2455 535 2521 levis
553 2455 717 2522 habeatur.
742 2454 792 2519 his
812 2454 957 2520 omnibus
976 2475 1069 2542 puru-

137 2539 167 2605 Is
185 2543 374 2630 supermittis
396 2543 462 2609 vini
485 2543 566 2610 lenis
590 2544 747 2610 sextarios
769 2543 890 2611 XVIII.
913 2546 1070 2610 carbones

136 2631 262 2712 perfecto
286 2631 423 2698 oderunt
446 2632 509 2698 duo
534 2632 631 2699 milia.

178 2825 297 2882 Graecos
308 2827 406 2882 titulos
425 2827 500 2896 apud
511 2827 568 2882 Ro·
621 2827 674 2883 bos
693 2828 789 2882 condit
807 2833 837 2882 et
855 2828 951 2897 coquit
973 2834 1002 2883 et
1020 2828 1070 2884 do·

133 2903 217 2973 penos
234 2899 262 2952 in
279 2914 332 2953 usu
350 2897 446 2961 fuisse,
464 2899 514 2953 scd
528 2899 567 2952 Iu·
621 2899 714 2952 minici
729 2899 842 2966 palatus
855 2899 984 2954 subtilem
997 2900 1070 2954 noti-

132 2963 190 3043 ttnis
206 2969 290 3025 literis
309 2975 450 3032 exaratos,
475 2975 568 3025 osten·
622 2970 689 3023 tiam
707 2968 811 3024 habere
827 2969 921 3034 debet,
934 2971 1009 3039 opud
1022 2970 1071 3025 Se·

128 3027 164 3086 111
180 3038 267 3094 Osann
276 3040 408 3095 Analect.
423 3040 490 3095 Crit.
507 3056 529 3094 c.
540 3039 567 3094 4.
621 3055 681 3095 nec.
707 3056 749 3108 ep.
774 3040 819 3102 41,
842 3041 868 3094 6.
894 3071 927 3079 -
952 3040 1070 3095 mellis

125 3112 146 3162 I·
158 3107 200 3163 61.
217 3117 273 3166 not
291 3114 314 3165 1.
334 3110 568 3167 etWeichertad
621 3127 683 3180 per
709 3111 791 3165 codd.
815 3128 857 3165 m.
876 3117 999 3179 partes
1024 3110 1070 3166 ed.

83 3196 85 3201 ·
123 3166 227 3236 Poetar.
247 3183 295 3236 lut.
314 3182 393 3268 reliq.
413 3198 439 3250 p.
460 3181 503 3234 46.
522 3181 567 3235 47.
621 3199 662 3251 pr.
687 3182 769 3235 Hum.
795 3182 902 3236 conieci
922 3182 988 3236 oIIm
1007 3198 1071 3250 per

121 3235 173 3300 Ad
191 3253 356 3307 adiectivum
375 3251 494 3318 επψελὴς
512 3267 567 3306 uon
621 3258 745 3321 partes
767 3253 785 3306 i.
810 3269 832 3307 e.
857 3252 984 3321 partibus
1008 3254 1068 3308 183.

121 3316 148 3398 I}
179 3321 202 3375 in
225 3323 287 3378 aliis
312 3323 402 3378 titulis
421 3322 568 3392 suppletur
591 3369 593 3373 .
620 3324 681 3377 375.
708 3339 743 3378 ox
767 3323 867 3391 Veget.
893 3328 945 3377 art.
966 3328 1024 3377 vet.
1042 3325 1068 3387 3,

118 3381 207 3451 Min
223 3394 272 3450 sed
287 3395 427 3462 ὅψοποίος,
446 3394 566 3448 obsone·
620 3395 645 3456 6,
665 3396 707 3447 11.
729 3393 835 3462 Gargil.
854 3393 934 3447 Mart.
954 3393 989 3447 de
1007 3394 1068 3449 arb.

119 3450 182 3524 ²⁰¹3
206 3466 339 3535 coquinae
364 3464 498 3533 magister
516 3465 565 3518 Isi·
618 3462 715 3533 pomif.
735 3466 760 3526 3,
779 3465 803 3518 4.
824 3469 855 3517 ut
879 3464 928 3518 sit:
954 3464 1069 3519 scutarii

117 3515 270 3611 ‘¹0ri01ig.
291 3537 335 3600 20,
354 3538 380 3599 2,
398 3536 442 3590 32.
462 3535 509 3609 qui
528 3535 565 3590 ci·
620 3535 776 3605 quindecim
794 3533 884 3589 mellis
904 3534 933 3588 in
950 3534 1068 3596 ahenum
