<?xml version="1.0" encoding="UTF-8"?>
<!DOCTYPE html PUBLIC "-//W3C//DTD XHTML 1.0 Transitional//EN"
    "http://www.w3.org/TR/xhtml1/DTD/xhtml1-transitional.dtd">
<html xmlns="http://www.w3.org/1999/xhtml" xml:lang="en" lang="en">
 <head>
  <title>
</title>
<meta http-equiv="Content-Type" content="text/html;charset=utf-8" />
  <meta name='ocr-system' content='tesseract 3.04.00' />
  <meta name='ocr-capabilities' content='ocr_page ocr_carea ocr_par ocr_line ocrx_word'/>
</head>
<body>
  <div class='ocr_page' id='page_1' title='image "apicicaeliderec00apicgoog_0074.png"; bbox 0 0 2362 4178; ppageno 0'>
   <div class='ocr_carea' id='block_1_1' title="bbox 379 408 698 466">
    <p class='ocr_par' dir='ltr' id='par_1_1' title="bbox 379 408 698 466">
     <span class='ocr_line' id='line_1_1' title="bbox 379 408 698 466; baseline 0 0"><span class='ocrx_word' id='word_1_1' title='bbox 379 409 440 466; x_wconf 78' lang='lat' dir='ltr'><strong>Lis.</strong></span> <span class='ocrx_word' id='word_1_2' title='bbox 457 408 506 466; x_wconf 89' lang='lat' dir='ltr'><strong>IV.</strong></span> <span class='ocrx_word' id='word_1_3' title='bbox 533 409 698 466; x_wconf 70' lang='lat' dir='ltr'><strong>Pandantes.</strong></span> 
     </span>
    </p>
   </div>
   <div class='ocr_carea' id='block_1_2' title="bbox 173 620 886 848">
    <p class='ocr_par' dir='ltr' id='par_1_2' title="bbox 173 620 886 848">
     <span class='ocr_line' id='line_1_2' title="bbox 173 620 886 706; baseline 0 -19"><span class='ocrx_word' id='word_1_4' title='bbox 173 621 333 706; x_wconf 82' lang='lat' dir='ltr'>Incipit</span> <span class='ocrx_word' id='word_1_5' title='bbox 354 620 475 704; x_wconf 89' lang='lat' dir='ltr'><strong>Apici</strong></span> <span class='ocrx_word' id='word_1_6' title='bbox 499 620 618 687; x_wconf 83' lang='lat' dir='ltr'><strong>Caeli</strong></span> <span class='ocrx_word' id='word_1_7' title='bbox 641 620 886 704; x_wconf 73' lang='lat' dir='ltr'><strong>pandectes.</strong></span> 
     </span>
     <span class='ocr_line' id='line_1_3' title="bbox 455 781 615 848; baseline 0.025 -4"><span class='ocrx_word' id='word_1_8' title='bbox 455 781 535 846; x_wconf 91' lang='lat' dir='ltr'><strong>LIB.</strong></span> <span class='ocrx_word' id='word_1_9' title='bbox 558 781 615 848; x_wconf 87' lang='lat' dir='ltr'><strong>IV.</strong></span> 
     </span>
    </p>
   </div>
   <div class='ocr_carea' id='block_1_3' title="bbox 10 937 1027 1466">
    <p class='ocr_par' dir='ltr' id='par_1_3' title="bbox 10 937 1027 1466">
     <span class='ocr_line' id='line_1_4' title="bbox 10 937 1007 1027; baseline 0.004 -25"><span class='ocrx_word' id='word_1_10' title='bbox 10 975 12 1027; x_wconf 51' lang='lat' dir='ltr'>g</span> <span class='ocrx_word' id='word_1_11' title='bbox 123 939 198 1004; x_wconf 90' lang='grc'><strong>116.</strong></span> <span class='ocrx_word' id='word_1_12' title='bbox 229 937 329 1002; x_wconf 82' lang='lat' dir='ltr'><strong>Sala</strong></span> <span class='ocrx_word' id='word_1_13' title='bbox 353 938 557 1004; x_wconf 89' lang='lat' dir='ltr'><strong>cottabia:</strong></span> <span class='ocrx_word' id='word_1_14' title='bbox 588 939 690 1022; x_wconf 89' lang='lat' dir='ltr'><strong>piper,</strong></span> <span class='ocrx_word' id='word_1_15' title='bbox 714 946 865 1022; x_wconf 82' lang='lat' dir='ltr'><strong>mentam,</strong></span> <span class='ocrx_word' id='word_1_16' title='bbox 889 939 1007 1025; x_wconf 90' lang='lat' dir='ltr'><strong>apium,</strong></span> 
     </span>
     <span class='ocr_line' id='line_1_5' title="bbox 10 1026 1009 1112; baseline 0.005 -21"><span class='ocrx_word' id='word_1_17' title='bbox 10 1052 16 1097; x_wconf 84' lang='grc'><strong>.·</strong></span> <span class='ocrx_word' id='word_1_18' title='bbox 54 1027 196 1111; x_wconf 91' lang='lat' dir='ltr'><strong>puleium</strong></span> <span class='ocrx_word' id='word_1_19' title='bbox 217 1026 351 1108; x_wconf 90' lang='lat' dir='ltr'><strong>aridum,</strong></span> <span class='ocrx_word' id='word_1_20' title='bbox 376 1027 506 1109; x_wconf 87' lang='lat' dir='ltr'><strong>casiam,</strong></span> <span class='ocrx_word' id='word_1_21' title='bbox 529 1029 662 1092; x_wconf 78' lang='lat' dir='ltr'><strong>nucleos</strong></span> <span class='ocrx_word' id='word_1_22' title='bbox 684 1027 809 1112; x_wconf 86' lang='lat' dir='ltr'><strong>pineos,</strong></span> <span class='ocrx_word' id='word_1_23' title='bbox 837 1029 911 1110; x_wconf 84' lang='lat' dir='ltr'><strong>mel,</strong></span> <span class='ocrx_word' id='word_1_24' title='bbox 935 1050 1009 1096; x_wconf 90' lang='lat' dir='ltr'><strong>ace·</strong></span> 
     </span>
     <span class='ocr_line' id='line_1_6' title="bbox 55 1114 1009 1201; baseline 0.003 -20"><span class='ocrx_word' id='word_1_25' title='bbox 55 1124 130 1197; x_wconf 86' lang='lat' dir='ltr'><strong>tum,</strong></span> <span class='ocrx_word' id='word_1_26' title='bbox 153 1114 325 1196; x_wconf 80' lang='lat' dir='ltr'><strong>liquamen,</strong></span> <span class='ocrx_word' id='word_1_27' title='bbox 350 1134 482 1180; x_wconf 86' lang='lat' dir='ltr'><strong>ovorum</strong></span> <span class='ocrx_word' id='word_1_28' title='bbox 504 1115 622 1183; x_wconf 85' lang='lat' dir='ltr'><strong>vitella.</strong></span> <span class='ocrx_word' id='word_1_29' title='bbox 649 1136 745 1198; x_wconf 93' lang='lat' dir='ltr'><strong>quam</strong></span> <span class='ocrx_word' id='word_1_30' title='bbox 767 1123 929 1184; x_wconf 82' lang='lat' dir='ltr'><strong>recentem</strong></span> <span class='ocrx_word' id='word_1_31' title='bbox 952 1138 1009 1201; x_wconf 94' lang='lat' dir='ltr'><strong>pa·</strong></span> 
     </span>
     <span class='ocr_line' id='line_1_7' title="bbox 55 1203 1027 1287; baseline 0.002 -18"><span class='ocrx_word' id='word_1_32' title='bbox 55 1223 194 1274; x_wconf 80' lang='lat' dir='ltr'><strong>nemen</strong></span> <span class='ocrx_word' id='word_1_33' title='bbox 215 1222 317 1286; x_wconf 91' lang='lat' dir='ltr'><strong>posca</strong></span> <span class='ocrx_word' id='word_1_34' title='bbox 339 1210 535 1269; x_wconf 91' lang='lat' dir='ltr'><strong>maceratum</strong></span> <span class='ocrx_word' id='word_1_35' title='bbox 559 1203 729 1287; x_wconf 85' lang='lat' dir='ltr'><strong>exprimes,</strong></span> <span class='ocrx_word' id='word_1_36' title='bbox 758 1225 886 1271; x_wconf 90' lang='lat' dir='ltr'><strong>caseum</strong></span> <span class='ocrx_word' id='word_1_37' title='bbox 911 1207 1027 1272; x_wconf 84' lang='lat' dir='ltr'><strong>bubo--</strong></span> 
     </span>
     <span class='ocr_line' id='line_1_8' title="bbox 55 1291 1009 1377; baseline 0.004 -21"><span class='ocrx_word' id='word_1_38' title='bbox 55 1293 129 1375; x_wconf 82' lang='lat' dir='ltr'><strong>lum,</strong></span> <span class='ocrx_word' id='word_1_39' title='bbox 155 1311 340 1357; x_wconf 78' lang='lat' dir='ltr'><strong>cucumeres</strong></span> <span class='ocrx_word' id='word_1_40' title='bbox 361 1291 396 1356; x_wconf 91' lang='lat' dir='ltr'><strong>in</strong></span> <span class='ocrx_word' id='word_1_41' title='bbox 419 1293 592 1357; x_wconf 89' lang='lat' dir='ltr'><strong>caccabnlo</strong></span> <span class='ocrx_word' id='word_1_42' title='bbox 626 1312 790 1376; x_wconf 87' lang='lat' dir='ltr'><strong>conpones</strong></span> <span class='ocrx_word' id='word_1_43' title='bbox 812 1294 1009 1377; x_wconf 78' lang='lat' dir='ltr'><strong>interpositis</strong></span> 
     </span>
     <span class='ocr_line' id='line_1_9' title="bbox 57 1379 1009 1466; baseline 0.003 -20"><span class='ocrx_word' id='word_1_44' title='bbox 57 1379 193 1464; x_wconf 81' lang='lat' dir='ltr'><strong>ungulis,</strong></span> <span class='ocrx_word' id='word_1_45' title='bbox 216 1386 321 1445; x_wconf 91' lang='lat' dir='ltr'><strong>mutes</strong></span> <span class='ocrx_word' id='word_1_46' title='bbox 344 1381 495 1446; x_wconf 89' lang='lat' dir='ltr'><strong>concisim</strong></span> <span class='ocrx_word' id='word_1_47' title='bbox 516 1381 661 1464; x_wconf 75' lang='lat' dir='ltr'><strong>cupediis</strong></span> <span class='ocrx_word' id='word_1_48' title='bbox 681 1381 821 1466; x_wconf 85' lang='lat' dir='ltr'><strong>porcinis</strong></span> <span class='ocrx_word' id='word_1_49' title='bbox 841 1383 886 1447; x_wconf 90' lang='lat' dir='ltr'><strong>uti</strong></span> <span class='ocrx_word' id='word_1_50' title='bbox 905 1383 1009 1449; x_wconf 91' lang='lat' dir='ltr'><strong>iocus·</strong></span> 
     </span>
    </p>
   </div>
   <div class='ocr_carea' id='block_1_4' title="bbox 57 1467 1061 1643">
    <p class='ocr_par' dir='ltr' id='par_1_4' title="bbox 57 1467 1061 1643">
     <span class='ocr_line' id='line_1_10' title="bbox 59 1467 1061 1556; baseline 0.003 -20"><span class='ocrx_word' id='word_1_51' title='bbox 59 1470 134 1536; x_wconf 88' lang='lat' dir='ltr'><strong>culis</strong></span> <span class='ocrx_word' id='word_1_52' title='bbox 158 1467 358 1552; x_wconf 83' lang='lat' dir='ltr'><strong>gallinarum.</strong></span> <span class='ocrx_word' id='word_1_53' title='bbox 381 1469 431 1534; x_wconf 89' lang='lat' dir='ltr'><strong>ius</strong></span> <span class='ocrx_word' id='word_1_54' title='bbox 450 1468 633 1553; x_wconf 83' lang='lat' dir='ltr'><strong>perfundes.</strong></span> <span class='ocrx_word' id='word_1_55' title='bbox 657 1490 755 1555; x_wconf 90' lang='lat' dir='ltr'><strong>super</strong></span> <span class='ocrx_word' id='word_1_56' title='bbox 772 1469 924 1556; x_wconf 85' lang='lat' dir='ltr'><strong>frigidam</strong></span> <span class='ocrx_word' id='word_1_57' title='bbox 944 1472 1010 1539; x_wconf 92' lang='lat' dir='ltr'><strong>ool·</strong></span> <span class='ocrx_word' id='word_1_58' title='bbox 1059 1549 1061 1554; x_wconf 85' lang='lat'><strong>.</strong></span> 
     </span>
     <span class='ocr_line' id='line_1_11' title="bbox 57 1557 481 1643; baseline 0.009 -21"><span class='ocrx_word' id='word_1_59' title='bbox 57 1557 178 1625; x_wconf 88' lang='lat' dir='ltr'><strong>locabis</strong></span> <span class='ocrx_word' id='word_1_60' title='bbox 201 1557 302 1624; x_wconf 87' lang='lat' dir='ltr'><strong>etsie</strong></span> <span class='ocrx_word' id='word_1_61' title='bbox 326 1577 481 1643; x_wconf 89' lang='lat' dir='ltr'><strong>appones.</strong></span> 
     </span>
    </p>
   </div>
   <div class='ocr_carea' id='block_1_5' title="bbox 32 1715 1014 2353">
    <p class='ocr_par' dir='ltr' id='par_1_5' title="bbox 32 1715 1014 2353">
     <span class='ocr_line' id='line_1_12' title="bbox 91 1715 1011 1786; baseline 0.003 -15"><span class='ocrx_word' id='word_1_62' title='bbox 91 1715 129 1771; x_wconf 85' lang='lat' dir='ltr'><strong>ad</strong></span> <span class='ocrx_word' id='word_1_63' title='bbox 140 1715 200 1769; x_wconf 91' lang='grc'><strong>116.</strong></span> <span class='ocrx_word' id='word_1_64' title='bbox 212 1715 506 1784; x_wconf 83' lang='lat' dir='ltr'><strong>pandectercodd.</strong></span> <span class='ocrx_word' id='word_1_65' title='bbox 560 1722 704 1785; x_wconf 89' lang='lat' dir='ltr'><strong>postremo</strong></span> <span class='ocrx_word' id='word_1_66' title='bbox 730 1732 813 1786; x_wconf 91' lang='lat' dir='ltr'><strong>super</strong></span> <span class='ocrx_word' id='word_1_67' title='bbox 831 1715 935 1786; x_wconf 76' lang='lat' dir='ltr'><strong>frigida</strong></span> <span class='ocrx_word' id='word_1_68' title='bbox 953 1717 1011 1774; x_wconf 88' lang='lat' dir='ltr'><strong>oel-</strong></span> 
     </span>
     <span class='ocr_line' id='line_1_13' title="bbox 60 1786 1011 1854; baseline 0.002 -13"><span class='ocrx_word' id='word_1_69' title='bbox 60 1786 210 1843; x_wconf 85' lang='lat' dir='ltr'><strong>medicinae</strong></span> <span class='ocrx_word' id='word_1_70' title='bbox 249 1786 404 1854; x_wconf 86' lang='lat' dir='ltr'><strong>pandectas</strong></span> <span class='ocrx_word' id='word_1_71' title='bbox 439 1788 509 1841; x_wconf 83' lang='lat' dir='ltr'><strong>Mat·</strong></span> <span class='ocrx_word' id='word_1_72' title='bbox 561 1789 679 1850; x_wconf 78' lang='lat' dir='ltr'><strong>locatur,</strong></span> <span class='ocrx_word' id='word_1_73' title='bbox 704 1787 732 1840; x_wconf 90' lang='lat' dir='ltr'><strong>in</strong></span> <span class='ocrx_word' id='word_1_74' title='bbox 757 1789 835 1847; x_wconf 88' lang='lat' dir='ltr'><strong>cuius</strong></span> <span class='ocrx_word' id='word_1_75' title='bbox 853 1788 945 1842; x_wconf 91' lang='lat' dir='ltr'><strong>locum</strong></span> <span class='ocrx_word' id='word_1_76' title='bbox 963 1789 1011 1843; x_wconf 86' lang='lat' dir='ltr'><strong>nix</strong></span> 
     </span>
     <span class='ocr_line' id='line_1_14' title="bbox 60 1856 1013 1928; baseline 0.002 -16"><span class='ocrx_word' id='word_1_77' title='bbox 60 1858 156 1912; x_wconf 84' lang='lat' dir='ltr'><strong>thaeus</strong></span> <span class='ocrx_word' id='word_1_78' title='bbox 187 1856 347 1928; x_wconf 84' lang='lat' dir='ltr'><strong>Sylvatiena</strong></span> <span class='ocrx_word' id='word_1_79' title='bbox 381 1863 411 1913; x_wconf 92' lang='lat' dir='ltr'><strong>et</strong></span> <span class='ocrx_word' id='word_1_80' title='bbox 441 1858 508 1912; x_wconf 87' lang='lat' dir='ltr'><strong>iuris</strong></span> <span class='ocrx_word' id='word_1_81' title='bbox 561 1860 613 1914; x_wconf 89' lang='lat' dir='ltr'><strong>sub</strong></span> <span class='ocrx_word' id='word_1_82' title='bbox 639 1873 689 1912; x_wconf 90' lang='lat' dir='ltr'><strong>ora</strong></span> <span class='ocrx_word' id='word_1_83' title='bbox 713 1859 870 1928; x_wconf 80' lang='lat' dir='ltr'><strong>aspergitur</strong></span> <span class='ocrx_word' id='word_1_84' title='bbox 895 1859 956 1924; x_wconf 77' lang='lat'>117,</span> <span class='ocrx_word' id='word_1_85' title='bbox 980 1864 1013 1914; x_wconf 91' lang='lat' dir='ltr'><strong>ut</strong></span> 
     </span>
     <span class='ocr_line' id='line_1_15' title="bbox 60 1929 1013 1997; baseline 0.001 -14"><span class='ocrx_word' id='word_1_86' title='bbox 60 1929 211 1997; x_wconf 84' lang='lat' dir='ltr'><strong>pandectas</strong></span> <span class='ocrx_word' id='word_1_87' title='bbox 241 1929 356 1983; x_wconf 85' lang='lat' dir='ltr'><strong>vocavit</strong></span> <span class='ocrx_word' id='word_1_88' title='bbox 380 1929 509 1983; x_wconf 88' lang='lat' dir='ltr'><strong>Iustinia-</strong></span> <span class='ocrx_word' id='word_1_89' title='bbox 561 1931 589 1985; x_wconf 93' lang='lat' dir='ltr'><strong>in</strong></span> <span class='ocrx_word' id='word_1_90' title='bbox 614 1944 648 1984; x_wconf 91' lang='lat' dir='ltr'><strong>ea</strong></span> <span class='ocrx_word' id='word_1_91' title='bbox 671 1934 769 1984; x_wconf 85' lang='lat' dir='ltr'><strong>natsre</strong></span> <span class='ocrx_word' id='word_1_92' title='bbox 789 1930 925 1985; x_wconf 88' lang='lat' dir='ltr'><strong>videatur.</strong></span> <span class='ocrx_word' id='word_1_93' title='bbox 950 1930 1013 1984; x_wconf 80' lang='lat' dir='ltr'><strong>sula</strong></span> 
     </span>
     <span class='ocr_line' id='line_1_16' title="bbox 32 1999 1011 2067; baseline 0.002 -13"><span class='ocrx_word' id='word_1_94' title='bbox 32 2028 35 2034; x_wconf 85' lang='lat'><strong>.</strong></span> <span class='ocrx_word' id='word_1_95' title='bbox 61 2016 116 2054; x_wconf 86' lang='lat' dir='ltr'><strong>uus.</strong></span> <span class='ocrx_word' id='word_1_96' title='bbox 154 1999 222 2054; x_wconf 82' lang='lat' dir='ltr'><strong>Tiro</strong></span> <span class='ocrx_word' id='word_1_97' title='bbox 249 1999 277 2053; x_wconf 89' lang='lat' dir='ltr'><strong>in</strong></span> <span class='ocrx_word' id='word_1_98' title='bbox 301 1999 440 2066; x_wconf 80' lang='lat' dir='ltr'><strong>pandecte</strong></span> <span class='ocrx_word' id='word_1_99' title='bbox 463 2014 507 2067; x_wconf 89' lang='lat' dir='ltr'><strong>ap.</strong></span> <span class='ocrx_word' id='word_1_100' title='bbox 561 2000 599 2055; x_wconf 91' lang='lat' dir='ltr'><strong>nil</strong></span> <span class='ocrx_word' id='word_1_101' title='bbox 630 2005 727 2067; x_wconf 91' lang='lat' dir='ltr'><strong>potest</strong></span> <span class='ocrx_word' id='word_1_102' title='bbox 757 2016 819 2056; x_wconf 91' lang='lat' dir='ltr'><strong>esse</strong></span> <span class='ocrx_word' id='word_1_103' title='bbox 844 2001 897 2055; x_wconf 90' lang='lat' dir='ltr'><strong>nisi</strong></span> <span class='ocrx_word' id='word_1_104' title='bbox 926 2001 1011 2065; x_wconf 78' lang='lat' dir='ltr'><strong>salsa,</strong></span> 
     </span>
     <span class='ocr_line' id='line_1_17' title="bbox 61 2067 1013 2139; baseline 0.002 -14"><span class='ocrx_word' id='word_1_105' title='bbox 61 2069 202 2133; x_wconf 63' lang='lat' dir='ltr'><strong>Charisi,</strong></span> <span class='ocrx_word' id='word_1_106' title='bbox 213 2070 274 2125; x_wconf 84' lang='grc'><strong>134.</strong></span> <span class='ocrx_word' id='word_1_107' title='bbox 286 2067 321 2124; x_wconf 85' lang='lat' dir='ltr'><strong>cf.</strong></span> <span class='ocrx_word' id='word_1_108' title='bbox 339 2070 409 2123; x_wconf 88' lang='lat' dir='ltr'><strong>Plin.</strong></span> <span class='ocrx_word' id='word_1_109' title='bbox 420 2067 508 2138; x_wconf 85' lang='lat' dir='ltr'><strong>praef.</strong></span> <span class='ocrx_word' id='word_1_110' title='bbox 562 2071 740 2133; x_wconf 79' lang='lat' dir='ltr'><strong>salsamenta,</strong></span> <span class='ocrx_word' id='word_1_111' title='bbox 774 2072 909 2139; x_wconf 67' lang='lat' dir='ltr'><strong>salganm⁸</strong></span> <span class='ocrx_word' id='word_1_112' title='bbox 939 2071 1013 2127; x_wconf 86' lang='lat' dir='ltr'><strong>unde</strong></span> 
     </span>
     <span class='ocr_line' id='line_1_18' title="bbox 61 2140 1014 2210; baseline 0.003 -16"><span class='ocrx_word' id='word_1_113' title='bbox 61 2147 147 2195; x_wconf 85' lang='lat' dir='ltr'><strong>natur.</strong></span> <span class='ocrx_word' id='word_1_114' title='bbox 172 2140 239 2195; x_wconf 89' lang='lat' dir='ltr'><strong>hist.</strong></span> <span class='ocrx_word' id='word_1_115' title='bbox 264 2145 285 2206; x_wconf 73' lang='lat'><strong>§-</strong></span> <span class='ocrx_word' id='word_1_116' title='bbox 305 2141 348 2195; x_wconf 80' lang='lat'><strong>23.</strong></span> <span class='ocrx_word' id='word_1_117' title='bbox 374 2141 443 2196; x_wconf 82' lang='lat' dir='ltr'><strong>Geli.</strong></span> <span class='ocrx_word' id='word_1_118' title='bbox 466 2142 508 2203; x_wconf 87' lang='lat'><strong>13,</strong></span> <span class='ocrx_word' id='word_1_119' title='bbox 561 2147 687 2196; x_wconf 89' lang='lat' dir='ltr'><strong>nostrum</strong></span> <span class='ocrx_word' id='word_1_120' title='bbox 703 2142 850 2197; x_wconf 85' lang='lat' dir='ltr'><strong>sulze109.</strong></span> <span class='ocrx_word' id='word_1_121' title='bbox 871 2156 926 2210; x_wconf 86' lang='lat' dir='ltr'><strong>qua</strong></span> <span class='ocrx_word' id='word_1_122' title='bbox 939 2157 1014 2197; x_wconf 84' lang='lat' dir='ltr'><strong>resa</strong></span> 
     </span>
     <span class='ocr_line' id='line_1_19' title="bbox 61 2211 1014 2280; baseline 0.001 -14"><span class='ocrx_word' id='word_1_123' title='bbox 61 2213 84 2277; x_wconf 84' lang='grc'><strong>3,</strong></span> <span class='ocrx_word' id='word_1_124' title='bbox 106 2213 131 2266; x_wconf 88' lang='lat'><strong>3.</strong></span> <span class='ocrx_word' id='word_1_125' title='bbox 157 2211 293 2279; x_wconf 80' lang='lat' dir='ltr'><strong>Ducange</strong></span> <span class='ocrx_word' id='word_1_126' title='bbox 316 2212 349 2265; x_wconf 90' lang='lat' dir='ltr'><strong>T.</strong></span> <span class='ocrx_word' id='word_1_127' title='bbox 368 2211 394 2266; x_wconf 89' lang='lat' dir='ltr'>V</span> <span class='ocrx_word' id='word_1_128' title='bbox 419 2227 444 2279; x_wconf 92' lang='lat' dir='ltr'><strong>p.</strong></span> <span class='ocrx_word' id='word_1_129' title='bbox 464 2211 507 2265; x_wconf 87' lang='lat' dir='ltr'><strong>4s.</strong></span> <span class='ocrx_word' id='word_1_130' title='bbox 562 2213 659 2280; x_wconf 89' lang='lat' dir='ltr'><strong>patina</strong></span> <span class='ocrx_word' id='word_1_131' title='bbox 678 2213 803 2266; x_wconf 89' lang='lat' dir='ltr'><strong>converti</strong></span> <span class='ocrx_word' id='word_1_132' title='bbox 821 2217 918 2279; x_wconf 92' lang='lat' dir='ltr'><strong>potest</strong></span> <span class='ocrx_word' id='word_1_133' title='bbox 936 2213 1014 2268; x_wconf 81' lang='lat' dir='ltr'><strong>sulze</strong></span> 
     </span>
     <span class='ocr_line' id='line_1_20' title="bbox 62 2279 1013 2353; baseline 0 -16"><span class='ocrx_word' id='word_1_134' title='bbox 62 2311 94 2323; x_wconf 87' lang='lat'>-</span> <span class='ocrx_word' id='word_1_135' title='bbox 125 2282 203 2337; x_wconf 84' lang='lat' dir='ltr'><strong>sala</strong></span> <span class='ocrx_word' id='word_1_136' title='bbox 231 2282 393 2353; x_wconf 81' lang='lat' dir='ltr'><strong>cattqbia</strong></span> <span class='ocrx_word' id='word_1_137' title='bbox 426 2281 510 2337; x_wconf 82' lang='lat' dir='ltr'><strong>codd.</strong></span> <span class='ocrx_word' id='word_1_138' title='bbox 563 2284 600 2336; x_wconf 90' lang='lat' dir='ltr'><strong>lm</strong></span> <span class='ocrx_word' id='word_1_139' title='bbox 620 2282 769 2337; x_wconf 87' lang='lat' dir='ltr'><strong>eisbecken</strong></span> <span class='ocrx_word' id='word_1_140' title='bbox 788 2286 818 2336; x_wconf 93' lang='lat' dir='ltr'><strong>et</strong></span> <span class='ocrx_word' id='word_1_141' title='bbox 832 2279 952 2337; x_wconf 87' lang='lat' dir='ltr'><strong>conferri</strong></span> <span class='ocrx_word' id='word_1_142' title='bbox 962 2282 1013 2337; x_wconf 90' lang='lat' dir='ltr'><strong>ho-</strong></span> 
     </span>
    </p>
   </div>
   <div class='ocr_carea' id='block_1_6' title="bbox 10 2353 515 3484">
    <p class='ocr_par' dir='ltr' id='par_1_6' title="bbox 10 2353 515 3484">
     <span class='ocr_line' id='line_1_21' title="bbox 62 2353 510 2420; baseline -0.002 -13"><span class='ocrx_word' id='word_1_143' title='bbox 62 2353 297 2420; x_wconf 67' lang='lat' dir='ltr'><strong>salaoaca.bia¹</strong></span> <span class='ocrx_word' id='word_1_144' title='bbox 330 2369 400 2406; x_wconf 93' lang='lat' dir='ltr'><strong>corr.</strong></span> <span class='ocrx_word' id='word_1_145' title='bbox 428 2353 510 2406; x_wconf 90' lang='lat' dir='ltr'><strong>Hum.</strong></span> 
     </span>
     <span class='ocr_line' id='line_1_22' title="bbox 62 2421 509 2492; baseline -0.016 -14"><span class='ocrx_word' id='word_1_146' title='bbox 62 2439 132 2492; x_wconf 74' lang='lat' dir='ltr'><strong>quae</strong></span> <span class='ocrx_word' id='word_1_147' title='bbox 151 2424 208 2478; x_wconf 74' lang='lat' dir='ltr'><strong>sint</strong></span> <span class='ocrx_word' id='word_1_148' title='bbox 231 2423 395 2486; x_wconf 75' lang='grc' dir='ltr'><em>ἇλοκακᾶβια,</em></span> <span class='ocrx_word' id='word_1_149' title='bbox 421 2421 509 2472; x_wconf 62' lang='lat' dir='ltr'><strong>alacri</strong></span> 
     </span>
     <span class='ocr_line' id='line_1_23' title="bbox 10 2492 512 2561; baseline -0.008 -16"><span class='ocrx_word' id='word_1_150' title='bbox 10 2514 14 2559; x_wconf 64' lang='grc' dir='ltr'><em>ξ</em></span> <span class='ocrx_word' id='word_1_151' title='bbox 62 2492 89 2544; x_wconf 71' lang='grc' dir='ltr'><strong>ἓν</strong></span> <span class='ocrx_word' id='word_1_152' title='bbox 121 2494 242 2561; x_wconf 75' lang='grc' dir='ltr'><strong><em>κακκόβῳ</em></strong></span> <span class='ocrx_word' id='word_1_153' title='bbox 276 2492 409 2561; x_wconf 77' lang='grc' dir='ltr'><strong>βρώματα,</strong></span> <span class='ocrx_word' id='word_1_154' title='bbox 436 2493 512 2547; x_wconf 76' lang='lat' dir='ltr'><strong>salsa</strong></span> 
     </span>
     <span class='ocr_line' id='line_1_24' title="bbox 10 2564 510 2633; baseline -0.008 -12"><span class='ocrx_word' id='word_1_155' title='bbox 10 2574 13 2583; x_wconf 93' lang='lat'>&#39;</span> <span class='ocrx_word' id='word_1_156' title='bbox 63 2565 263 2626; x_wconf 86' lang='lat' dir='ltr'><strong>caccabularia‚</strong></span> <span class='ocrx_word' id='word_1_157' title='bbox 281 2564 391 2618; x_wconf 85' lang='lat' dir='ltr'><strong>salsitia</strong></span> <span class='ocrx_word' id='word_1_158' title='bbox 401 2579 472 2633; x_wconf 88' lang='lat' dir='ltr'><strong>quae</strong></span> <span class='ocrx_word' id='word_1_159' title='bbox 482 2564 510 2617; x_wconf 93' lang='lat' dir='ltr'><strong>in</strong></span> 
     </span>
     <span class='ocr_line' id='line_1_25' title="bbox 63 2634 511 2703; baseline -0.007 -12"><span class='ocrx_word' id='word_1_160' title='bbox 63 2636 189 2691; x_wconf 76' lang='lat' dir='ltr'><strong>mccabm</strong></span> <span class='ocrx_word' id='word_1_161' title='bbox 209 2639 372 2703; x_wconf 82' lang='lat' dir='ltr'><strong>coquantur,</strong></span> <span class='ocrx_word' id='word_1_162' title='bbox 394 2634 450 2690; x_wconf 90' lang='lat' dir='ltr'><strong>cibi</strong></span> <span class='ocrx_word' id='word_1_163' title='bbox 468 2649 511 2688; x_wconf 88' lang='lat' dir='ltr'><strong>sa·</strong></span> 
     </span>
     <span class='ocr_line' id='line_1_26' title="bbox 62 2705 511 2768; baseline -0.004 -7"><span class='ocrx_word' id='word_1_164' title='bbox 62 2707 104 2762; x_wconf 88' lang='lat' dir='ltr'><strong>liti</strong></span> <span class='ocrx_word' id='word_1_165' title='bbox 112 2707 142 2760; x_wconf 92' lang='lat' dir='ltr'><strong>in</strong></span> <span class='ocrx_word' id='word_1_166' title='bbox 151 2706 216 2761; x_wconf 89' lang='lat' dir='ltr'><strong>ollis</strong></span> <span class='ocrx_word' id='word_1_167' title='bbox 228 2705 309 2768; x_wconf 88' lang='lat' dir='ltr'><strong>cocti,</strong></span> <span class='ocrx_word' id='word_1_168' title='bbox 322 2705 511 2760; x_wconf 82' lang='lat' dir='ltr'><strong>kachelsulne.</strong></span> 
     </span>
     <span class='ocr_line' id='line_1_27' title="bbox 63 2776 512 2843; baseline -0.009 -11"><span class='ocrx_word' id='word_1_169' title='bbox 63 2793 151 2832; x_wconf 92' lang='lat' dir='ltr'><strong>meum</strong></span> <span class='ocrx_word' id='word_1_170' title='bbox 178 2776 348 2830; x_wconf 89' lang='lat' dir='ltr'><strong>cottabia</strong></span> <span class='ocrx_word' id='word_1_171' title='bbox 373 2777 512 2843; x_wconf 85' lang='lat' dir='ltr'><strong>explican-</strong></span> 
     </span>
     <span class='ocr_line' id='line_1_28' title="bbox 64 2847 513 2915; baseline -0.004 -13"><span class='ocrx_word' id='word_1_172' title='bbox 64 2848 128 2903; x_wconf 84' lang='lat' dir='ltr'><strong>dum</strong></span> <span class='ocrx_word' id='word_1_173' title='bbox 152 2863 188 2902; x_wconf 85' lang='lat' dir='ltr'><strong>ex</strong></span> <span class='ocrx_word' id='word_1_174' title='bbox 211 2847 261 2901; x_wconf 92' lang='lat' dir='ltr'><strong>illo</strong></span> <span class='ocrx_word' id='word_1_175' title='bbox 285 2847 393 2901; x_wconf 91' lang='lat' dir='ltr'><strong>cottabi</strong></span> <span class='ocrx_word' id='word_1_176' title='bbox 411 2862 513 2915; x_wconf 84' lang='lat' dir='ltr'><strong>genere</strong></span> 
     </span>
     <span class='ocr_line' id='line_1_29' title="bbox 64 2916 513 3055; baseline -0.009 -11"><span class='ocrx_word' id='word_1_177' title='bbox 64 2916 513 3055; x_wconf 56' lang='grc'><strong>131111133131311·</strong></span> 
     </span>
     <span class='ocr_line' id='line_1_30' title="bbox 63 3057 513 3129; baseline -0.011 -13"><span class='ocrx_word' id='word_1_178' title='bbox 63 3061 91 3116; x_wconf 88' lang='lat' dir='ltr'><strong>in</strong></span> <span class='ocrx_word' id='word_1_179' title='bbox 108 3075 165 3129; x_wconf 94' lang='lat' dir='ltr'><strong>quo</strong></span> <span class='ocrx_word' id='word_1_180' title='bbox 185 3057 313 3113; x_wconf 86' lang='lat' dir='ltr'><strong>similiter</strong></span> <span class='ocrx_word' id='word_1_181' title='bbox 335 3058 513 3112; x_wconf 89' lang='lat' dir='ltr'><strong>acetabulum</strong></span> 
     </span>
     <span class='ocr_line' id='line_1_31' title="bbox 63 3128 513 3198; baseline -0.007 -13"><span class='ocrx_word' id='word_1_182' title='bbox 63 3131 172 3185; x_wconf 85' lang='lat' dir='ltr'><strong>innatat</strong></span> <span class='ocrx_word' id='word_1_183' title='bbox 197 3143 287 3198; x_wconf 89' lang='lat' dir='ltr'><strong>aquae</strong></span> <span class='ocrx_word' id='word_1_184' title='bbox 313 3129 341 3182; x_wconf 92' lang='lat' dir='ltr'><strong>in</strong></span> <span class='ocrx_word' id='word_1_185' title='bbox 360 3128 455 3197; x_wconf 92' lang='lat' dir='ltr'><strong>pelvin</strong></span> <span class='ocrx_word' id='word_1_186' title='bbox 473 3129 513 3183; x_wconf 91' lang='lat' dir='ltr'><strong>in·</strong></span> 
     </span>
     <span class='ocr_line' id='line_1_32' title="bbox 63 3198 514 3256; baseline -0.009 0"><span class='ocrx_word' id='word_1_187' title='bbox 63 3201 150 3256; x_wconf 85' lang='lat' dir='ltr'><strong>fusae.</strong></span> <span class='ocrx_word' id='word_1_188' title='bbox 171 3198 206 3254; x_wconf 84' lang='lat' dir='ltr'><strong>cf.</strong></span> <span class='ocrx_word' id='word_1_189' title='bbox 223 3199 323 3255; x_wconf 87' lang='lat' dir='ltr'><strong>Iacobs</strong></span> <span class='ocrx_word' id='word_1_190' title='bbox 333 3199 425 3254; x_wconf 90' lang='lat' dir='ltr'><strong>Verm.</strong></span> <span class='ocrx_word' id='word_1_191' title='bbox 436 3198 514 3254; x_wconf 84' lang='lat' dir='ltr'><strong>Schr.</strong></span> 
     </span>
     <span class='ocr_line' id='line_1_33' title="bbox 62 3270 513 3341; baseline -0.013 -13"><span class='ocrx_word' id='word_1_192' title='bbox 62 3273 109 3328; x_wconf 83' lang='lat' dir='ltr'><strong>Vl</strong></span> <span class='ocrx_word' id='word_1_193' title='bbox 120 3289 147 3341; x_wconf 93' lang='lat' dir='ltr'><strong>p.</strong></span> <span class='ocrx_word' id='word_1_194' title='bbox 160 3272 222 3325; x_wconf 86' lang='lat'><strong>113.</strong></span> <span class='ocrx_word' id='word_1_195' title='bbox 232 3286 309 3339; x_wconf 90' lang='lat' dir='ltr'><strong>seqq.</strong></span> <span class='ocrx_word' id='word_1_196' title='bbox 327 3271 419 3325; x_wconf 87' lang='lat' dir='ltr'><strong>Osann</strong></span> <span class='ocrx_word' id='word_1_197' title='bbox 428 3270 513 3324; x_wconf 85' lang='lat' dir='ltr'><strong>Beitr.</strong></span> 
     </span>
     <span class='ocr_line' id='line_1_34' title="bbox 10 3340 515 3408; baseline -0.012 -9"><span class='ocrx_word' id='word_1_198' title='bbox 10 3394 16 3405; x_wconf 71' lang='grc'><em>,</em></span> <span class='ocrx_word' id='word_1_199' title='bbox 63 3361 85 3398; x_wconf 82' lang='lat' dir='ltr'><strong>a.</strong></span> <span class='ocrx_word' id='word_1_200' title='bbox 111 3344 217 3398; x_wconf 86' lang='lat' dir='ltr'><strong>litarat.</strong></span> <span class='ocrx_word' id='word_1_201' title='bbox 246 3344 270 3394; x_wconf 90' lang='lat'><strong>1.</strong></span> <span class='ocrx_word' id='word_1_202' title='bbox 296 3358 321 3408; x_wconf 94' lang='lat' dir='ltr'><strong>p.</strong></span> <span class='ocrx_word' id='word_1_203' title='bbox 350 3342 409 3395; x_wconf 87' lang='grc'><strong>111.</strong></span> <span class='ocrx_word' id='word_1_204' title='bbox 428 3340 515 3396; x_wconf 89' lang='lat' dir='ltr'><strong>verba</strong></span> 
     </span>
     <span class='ocr_line' id='line_1_35' title="bbox 64 3411 515 3484; baseline -0.013 -14"><span class='ocrx_word' id='word_1_205' title='bbox 64 3415 162 3484; x_wconf 80' lang='lat' dir='ltr'><strong>„piper</strong></span> <span class='ocrx_word' id='word_1_206' title='bbox 182 3442 215 3452; x_wconf 95' lang='lat'><em>-</em></span> <span class='ocrx_word' id='word_1_207' title='bbox 234 3411 348 3466; x_wconf 77' lang='lat' dir='ltr'><strong>vitella¹⁸</strong></span> <span class='ocrx_word' id='word_1_208' title='bbox 369 3412 411 3466; x_wconf 91' lang='lat' dir='ltr'><strong>ius</strong></span> <span class='ocrx_word' id='word_1_209' title='bbox 428 3411 515 3467; x_wconf 92' lang='lat' dir='ltr'><strong>conti-</strong></span> 
     </span>
    </p>
   </div>
   <div class='ocr_carea' id='block_1_7' title="bbox 564 2352 1033 3479">
    <p class='ocr_par' dir='ltr' id='par_1_7' title="bbox 564 2352 1033 3479">
     <span class='ocr_line' id='line_1_36' title="bbox 565 2352 1015 2423; baseline 0.004 -16"><span class='ocrx_word' id='word_1_210' title='bbox 565 2354 661 2408; x_wconf 88' lang='lat' dir='ltr'><strong>diema</strong></span> <span class='ocrx_word' id='word_1_211' title='bbox 670 2352 804 2421; x_wconf 78' lang='lat' dir='ltr'><strong>galatius,</strong></span> <span class='ocrx_word' id='word_1_212' title='bbox 816 2352 960 2408; x_wconf 83' lang='lat' dir='ltr'><strong>Gallorum</strong></span> <span class='ocrx_word' id='word_1_213' title='bbox 966 2368 1015 2423; x_wconf 84' lang='lat' dir='ltr'><strong>ge·</strong></span> 
     </span>
     <span class='ocr_line' id='line_1_37' title="bbox 564 2423 1014 2488; baseline 0.002 -12"><span class='ocrx_word' id='word_1_214' title='bbox 564 2424 615 2477; x_wconf 82' lang='lat' dir='ltr'><strong>leo.</strong></span> <span class='ocrx_word' id='word_1_215' title='bbox 630 2423 808 2476; x_wconf 88' lang='lat' dir='ltr'><strong>-casiam</strong></span> <span class='ocrx_word' id='word_1_216' title='bbox 826 2438 876 2478; x_wconf 90' lang='lat' dir='ltr'><strong>seu</strong></span> <span class='ocrx_word' id='word_1_217' title='bbox 887 2425 1014 2488; x_wconf 78' lang='lat' dir='ltr'><strong>cassiam,</strong></span> 
     </span>
     <span class='ocr_line' id='line_1_38' title="bbox 566 2493 1015 2562; baseline 0 -14"><span class='ocrx_word' id='word_1_218' title='bbox 566 2493 778 2548; x_wconf 85' lang='lat' dir='ltr'><strong>cassienzimmt.</strong></span> <span class='ocrx_word' id='word_1_219' title='bbox 786 2493 893 2548; x_wconf 89' lang='lat' dir='ltr'><strong>emend.</strong></span> <span class='ocrx_word' id='word_1_220' title='bbox 901 2511 952 2562; x_wconf 91' lang='lat' dir='ltr'><strong>pro</strong></span> <span class='ocrx_word' id='word_1_221' title='bbox 964 2509 1015 2551; x_wconf 89' lang='lat' dir='ltr'><strong>oa·</strong></span> 
     </span>
     <span class='ocr_line' id='line_1_39' title="bbox 564 2578 1016 2634; baseline 0 -15"><span class='ocrx_word' id='word_1_222' title='bbox 564 2578 1016 2634; x_wconf 87' lang='lat' dir='ltr'><strong>scum-quamproaquam</strong></span> 
     </span>
     <span class='ocr_line' id='line_1_40' title="bbox 565 2635 1016 2703; baseline 0 -15"><span class='ocrx_word' id='word_1_223' title='bbox 565 2640 609 2689; x_wconf 88' lang='lat' dir='ltr'><strong>est</strong></span> <span class='ocrx_word' id='word_1_224' title='bbox 627 2651 662 2689; x_wconf 87' lang='lat' dir='ltr'><strong>ex</strong></span> <span class='ocrx_word' id='word_1_225' title='bbox 680 2639 706 2697; x_wconf 75' lang='grc' dir='ltr'><strong>β.</strong></span> <span class='ocrx_word' id='word_1_226' title='bbox 725 2636 852 2703; x_wconf 89' lang='lat' dir='ltr'><strong>—panis</strong></span> <span class='ocrx_word' id='word_1_227' title='bbox 870 2650 958 2702; x_wconf 88' lang='lat' dir='ltr'><strong>posca</strong></span> <span class='ocrx_word' id='word_1_228' title='bbox 976 2635 1016 2689; x_wconf 93' lang='lat' dir='ltr'><strong>in·</strong></span> 
     </span>
     <span class='ocr_line' id='line_1_41' title="bbox 566 2703 1016 2772; baseline 0 -13"><span class='ocrx_word' id='word_1_229' title='bbox 566 2705 643 2759; x_wconf 88' lang='lat' dir='ltr'><strong>fusus</strong></span> <span class='ocrx_word' id='word_1_230' title='bbox 668 2719 712 2772; x_wconf 89' lang='lat' dir='ltr'><strong>ap.</strong></span> <span class='ocrx_word' id='word_1_231' title='bbox 739 2703 813 2760; x_wconf 83' lang='lat' dir='ltr'><strong>Cael.</strong></span> <span class='ocrx_word' id='word_1_232' title='bbox 840 2720 899 2760; x_wconf 89' lang='lat' dir='ltr'><strong>aur.</strong></span> <span class='ocrx_word' id='word_1_233' title='bbox 922 2705 1016 2761; x_wconf 90' lang='lat' dir='ltr'><strong>chron.</strong></span> 
     </span>
     <span class='ocr_line' id='line_1_42' title="bbox 566 2775 1017 2842; baseline 0.007 -12"><span class='ocrx_word' id='word_1_234' title='bbox 566 2778 591 2839; x_wconf 83' lang='lat'><strong>3,</strong></span> <span class='ocrx_word' id='word_1_235' title='bbox 611 2777 636 2830; x_wconf 79' lang='lat'><strong>2.</strong></span> <span class='ocrx_word' id='word_1_236' title='bbox 656 2775 673 2829; x_wconf 89' lang='lat' dir='ltr'><strong>i.</strong></span> <span class='ocrx_word' id='word_1_237' title='bbox 693 2791 716 2829; x_wconf 91' lang='lat' dir='ltr'><strong>e.</strong></span> <span class='ocrx_word' id='word_1_238' title='bbox 736 2775 866 2842; x_wconf 87' lang='lat' dir='ltr'><strong>perfusus</strong></span> <span class='ocrx_word' id='word_1_239' title='bbox 891 2777 930 2831; x_wconf 86' lang='lat' dir='ltr'><strong>ad</strong></span> <span class='ocrx_word' id='word_1_240' title='bbox 949 2777 1017 2833; x_wconf 74' lang='lat' dir='ltr'><strong>(iar-</strong></span> 
     </span>
     <span class='ocr_line' id='line_1_43' title="bbox 566 2845 1018 2916; baseline 0.009 -18"><span class='ocrx_word' id='word_1_241' title='bbox 566 2846 615 2915; x_wconf 85' lang='lat' dir='ltr'><strong>gil.</strong></span> <span class='ocrx_word' id='word_1_242' title='bbox 635 2863 661 2913; x_wconf 93' lang='lat' dir='ltr'><strong>p.</strong></span> <span class='ocrx_word' id='word_1_243' title='bbox 681 2845 723 2898; x_wconf 85' lang='lat'><strong>41.</strong></span> <span class='ocrx_word' id='word_1_244' title='bbox 747 2877 780 2884; x_wconf 84' lang='lat'><em>—</em></span> <span class='ocrx_word' id='word_1_245' title='bbox 805 2847 951 2916; x_wconf 83' lang='lat' dir='ltr'><strong>ungulis</strong></span> <span class='ocrx_word' id='word_1_246' title='bbox 969 2863 1018 2902; x_wconf 94' lang='lat' dir='ltr'><strong>un·</strong></span> 
     </span>
     <span class='ocr_line' id='line_1_44' title="bbox 567 2916 1016 2986; baseline 0.007 -17"><span class='ocrx_word' id='word_1_247' title='bbox 567 2916 675 2986; x_wconf 81' lang='lat' dir='ltr'><strong>gellis</strong></span> <span class='ocrx_word' id='word_1_248' title='bbox 703 2917 763 2970; x_wconf 76' lang='lat'><strong>182.</strong></span> <span class='ocrx_word' id='word_1_249' title='bbox 789 2918 849 2981; x_wconf 81' lang='lat'>259,</span> <span class='ocrx_word' id='word_1_250' title='bbox 882 2918 1016 2974; x_wconf 86' lang='lat' dir='ltr'><strong>trunculis</strong></span> 
     </span>
     <span class='ocr_line' id='line_1_45' title="bbox 565 2987 1016 3055; baseline -0.002 -12"><span class='ocrx_word' id='word_1_251' title='bbox 565 3002 645 3043; x_wconf 87' lang='lat' dir='ltr'><strong>suum</strong></span> <span class='ocrx_word' id='word_1_252' title='bbox 664 2987 762 3055; x_wconf 89' lang='lat' dir='ltr'><strong>scripsi</strong></span> <span class='ocrx_word' id='word_1_253' title='bbox 776 3003 828 3055; x_wconf 93' lang='lat' dir='ltr'><strong>pro</strong></span> <span class='ocrx_word' id='word_1_254' title='bbox 847 2989 967 3043; x_wconf 88' lang='lat' dir='ltr'><strong>nuclis</strong></span> <span class='ocrx_word' id='word_1_255' title='bbox 986 2993 1016 3043; x_wconf 91' lang='lat' dir='ltr'><strong>et</strong></span> 
     </span>
     <span class='ocr_line' id='line_1_46' title="bbox 566 3059 1019 3128; baseline 0.004 -17"><span class='ocrx_word' id='word_1_256' title='bbox 566 3064 681 3112; x_wconf 89' lang='lat' dir='ltr'><strong>mutes</strong></span> <span class='ocrx_word' id='word_1_257' title='bbox 710 3059 890 3115; x_wconf 87' lang='lat' dir='ltr'><strong>concisim.</strong></span> <span class='ocrx_word' id='word_1_258' title='bbox 911 3073 1019 3128; x_wconf 87' lang='lat' dir='ltr'><strong>copa-</strong></span> 
     </span>
     <span class='ocr_line' id='line_1_47' title="bbox 567 3128 1019 3197; baseline -0.002 -14"><span class='ocrx_word' id='word_1_259' title='bbox 567 3128 640 3183; x_wconf 86' lang='lat' dir='ltr'><strong>diis</strong></span> <span class='ocrx_word' id='word_1_260' title='bbox 658 3128 781 3196; x_wconf 86' lang='lat' dir='ltr'><strong>porcinis</strong></span> <span class='ocrx_word' id='word_1_261' title='bbox 795 3129 837 3184; x_wconf 92' lang='lat' dir='ltr'><strong>uti</strong></span> <span class='ocrx_word' id='word_1_262' title='bbox 849 3129 868 3185; x_wconf 91' lang='lat' dir='ltr'><strong>i.</strong></span> <span class='ocrx_word' id='word_1_263' title='bbox 881 3145 933 3197; x_wconf 91' lang='lat' dir='ltr'><strong>pro</strong></span> <span class='ocrx_word' id='word_1_264' title='bbox 943 3145 1019 3184; x_wconf 90' lang='lat' dir='ltr'><strong>con·</strong></span> 
     </span>
     <span class='ocr_line' id='line_1_48' title="bbox 568 3199 1020 3268; baseline 0.013 -15"><span class='ocrx_word' id='word_1_265' title='bbox 568 3199 634 3253; x_wconf 86' lang='lat' dir='ltr'><strong>cisi</strong></span> <span class='ocrx_word' id='word_1_266' title='bbox 668 3200 797 3266; x_wconf 86' lang='lat' dir='ltr'><strong>(concisis</strong></span> <span class='ocrx_word' id='word_1_267' title='bbox 830 3201 959 3268; x_wconf 87' lang='lat' dir='ltr'><strong>capparis</strong></span> <span class='ocrx_word' id='word_1_268' title='bbox 987 3199 1020 3266; x_wconf 58' lang='lat' dir='ltr'><strong>L)</strong></span> 
     </span>
     <span class='ocr_line' id='line_1_49' title="bbox 569 3269 1033 3337; baseline -0.002 -12"><span class='ocrx_word' id='word_1_269' title='bbox 569 3270 693 3337; x_wconf 87' lang='lat' dir='ltr'><strong>capari</strong></span> <span class='ocrx_word' id='word_1_270' title='bbox 712 3270 884 3325; x_wconf 88' lang='lat' dir='ltr'><strong>minutii.</strong></span> <span class='ocrx_word' id='word_1_271' title='bbox 905 3269 939 3325; x_wconf 84' lang='lat' dir='ltr'><strong>ci.</strong></span> <span class='ocrx_word' id='word_1_272' title='bbox 960 3270 1033 3325; x_wconf 62' lang='lat'><strong>120:</strong></span> 
     </span>
     <span class='ocr_line' id='line_1_50' title="bbox 570 3341 1021 3407; baseline 0.002 -14"><span class='ocrx_word' id='word_1_273' title='bbox 570 3341 630 3394; x_wconf 78' lang='lat'><strong>187.</strong></span> <span class='ocrx_word' id='word_1_274' title='bbox 644 3344 765 3407; x_wconf 77' lang='lat' dir='ltr'><strong>„mutes“</strong></span> <span class='ocrx_word' id='word_1_275' title='bbox 778 3342 863 3396; x_wconf 86' lang='lat' dir='ltr'><strong>&#39;etiam</strong></span> <span class='ocrx_word' id='word_1_276' title='bbox 873 3341 1021 3396; x_wconf 87' lang='lat' dir='ltr'><strong>restituen-</strong></span> 
     </span>
     <span class='ocr_line' id='line_1_51' title="bbox 570 3410 1022 3479; baseline -0.007 -12"><span class='ocrx_word' id='word_1_277' title='bbox 570 3410 636 3467; x_wconf 84' lang='lat' dir='ltr'><strong>dum</strong></span> <span class='ocrx_word' id='word_1_278' title='bbox 657 3412 717 3470; x_wconf 88' lang='grc'><strong>133.</strong></span> <span class='ocrx_word' id='word_1_279' title='bbox 743 3418 787 3466; x_wconf 89' lang='lat' dir='ltr'><strong>est</strong></span> <span class='ocrx_word' id='word_1_280' title='bbox 804 3417 956 3479; x_wconf 88' lang='lat' dir='ltr'><strong>permutes,</strong></span> <span class='ocrx_word' id='word_1_281' title='bbox 981 3410 1022 3464; x_wconf 88' lang='lat' dir='ltr'><strong>al·</strong></span> 
     </span>
    </p>
   </div>
   <div class='ocr_carea' id='block_1_8' title="bbox 62 3482 1024 3626">
    <p class='ocr_par' dir='ltr' id='par_1_8' title="bbox 62 3482 1024 3626">
     <span class='ocr_line' id='line_1_52' title="bbox 62 3482 1023 3553; baseline -0.004 -12"><span class='ocrx_word' id='word_1_282' title='bbox 62 3493 131 3541; x_wconf 88' lang='lat' dir='ltr'><strong>nent</strong></span> <span class='ocrx_word' id='word_1_283' title='bbox 150 3483 228 3553; x_wconf 91' lang='lat' dir='ltr'><strong>quod</strong></span> <span class='ocrx_word' id='word_1_284' title='bbox 245 3482 517 3550; x_wconf 83' lang='lat' dir='ltr'><strong>supremassamde·</strong></span> <span class='ocrx_word' id='word_1_285' title='bbox 569 3483 655 3538; x_wconf 90' lang='lat' dir='ltr'><strong>ternis</strong></span> <span class='ocrx_word' id='word_1_286' title='bbox 680 3497 778 3551; x_wconf 83' lang='lat' dir='ltr'><strong>ponas,</strong></span> <span class='ocrx_word' id='word_1_287' title='bbox 807 3483 907 3546; x_wconf 89' lang='lat' dir='ltr'><strong>varies,</strong></span> <span class='ocrx_word' id='word_1_288' title='bbox 932 3482 1023 3538; x_wconf 89' lang='lat' dir='ltr'><strong>varia·</strong></span> 
     </span>
     <span class='ocr_line' id='line_1_53' title="bbox 62 3552 1024 3626; baseline -0.003 -13"><span class='ocrx_word' id='word_1_289' title='bbox 62 3557 199 3626; x_wconf 87' lang='lat' dir='ltr'><strong>scriptam</strong></span> <span class='ocrx_word' id='word_1_290' title='bbox 224 3552 349 3609; x_wconf 84' lang='lat' dir='ltr'><strong>funditur</strong></span> <span class='ocrx_word' id='word_1_291' title='bbox 370 3559 516 3622; x_wconf 88' lang='lat' dir='ltr'><strong>totumque</strong></span> <span class='ocrx_word' id='word_1_292' title='bbox 569 3553 620 3608; x_wconf 89' lang='lat' dir='ltr'><strong>tim</strong></span> <span class='ocrx_word' id='word_1_293' title='bbox 646 3568 795 3622; x_wconf 89' lang='lat' dir='ltr'><strong>compones</strong></span> <span class='ocrx_word' id='word_1_294' title='bbox 822 3553 881 3607; x_wconf 77' lang='lat'><strong>120.</strong></span> <span class='ocrx_word' id='word_1_295' title='bbox 913 3558 943 3610; x_wconf 92' lang='lat' dir='ltr'><strong>et</strong></span> <span class='ocrx_word' id='word_1_296' title='bbox 967 3553 1024 3610; x_wconf 86' lang='lat' dir='ltr'><strong>ius</strong></span> 
     </span>
    </p>
   </div>
   <div class='ocr_carea' id='block_1_9' title="bbox 0 0 1200 4178">
    <p class='ocr_par' dir='ltr' id='par_1_9' title="bbox 0 0 1200 4178">
     <span class='ocr_line' id='line_1_54' title="bbox 0 0 1200 4178; baseline 0 0"><span class='ocrx_word' id='word_1_297' title='bbox 0 0 1200 4178; x_wconf 95' lang='lat' dir='ltr'><strong> </strong></span> 
     </span>
    </p>
   </div>
  </div>
 </body>
</html>
