2362 4178
335 419 396 479 Lib.
415 419 463 478 IV.
493 407 659 501 Pandectes.
925 420 970 492 75

91 579 207 648 abinde
226 602 343 664 apuam
363 583 551 667 baptizabis.
578 605 649 650 cum
665 589 758 649 cocta
770 583 875 667 fuerit,
894 604 969 670 pro·

91 693 93 726 ι
115 668 287 736 fasciculos
312 678 344 737 et
365 672 458 756 piper
480 673 629 756 aspargis
653 678 684 738 et
705 672 834 741 inseres.

91 759 157 823 [32.
190 761 340 825 Patina
372 760 420 827 dc
452 781 559 844 apua
582 763 673 827 sine
697 781 820 845 apua:
851 762 968 847 pulpas

91 847 113 912 ls
145 849 209 913 assi
237 850 289 914 vel
313 849 389 915 elini
411 851 586 914 minutatim
610 849 713 916 facies
735 851 780 916 ita
803 850 968 917 abundan-

93 942 128 1000 ut
157 938 299 1020 patinam
332 939 458 1022 qualem
486 940 576 1004 voles
599 939 723 1023 inplere
746 941 857 1023 possit.
882 946 967 1007 teres

93 1045 109 1088 r
140 1032 172 1091 et
194 1027 353 1092 modicum
376 1034 477 1108 rutae,
501 1026 666 1093 suffundes
696 1028 859 1110 liquamen
882 1029 968 1111 quod

91 1159 92 1167 .
121 1114 180 1179 erit
210 1122 242 1181 et
272 1117 334 1181 olei
357 1115 517 1182 modicum
546 1122 578 1181 et
601 1116 779 1182 commisces
802 1118 836 1182 in
857 1117 969 1202 patina

111 1204 228 1287 pulpis,
257 1204 303 1270 sic
336 1210 368 1270 et
395 1225 457 1269 ova
481 1204 579 1270 cruda
603 1204 776 1285 confracta,
808 1212 842 1271 ut
872 1226 968 1292 unum

92 1310 130 1356 us
153 1292 216 1357 fiat.
242 1293 381 1377 desuper
403 1294 517 1359 leniter
540 1313 705 1377 caupones
733 1295 851 1361 urticas
874 1295 967 1361 ruari-

106 1386 145 1444 ut
165 1401 229 1446 nou
254 1403 325 1447 cum
349 1382 418 1447 ovis
441 1383 646 1448 misceantur.
678 1383 814 1466 inpones
845 1383 887 1449 ad
911 1392 966 1451 va·

93 1489 134 1551 m,
159 1481 192 1535 ut
216 1491 287 1536 cum
311 1471 380 1537 ovis
402 1471 449 1537 ire
473 1471 598 1557 possint
626 1477 658 1536 et
681 1492 752 1538 cum
775 1473 969 1540 siccaverint

91 1577 110 1622 r
132 1560 281 1644 aspargis
303 1561 397 1646 piper
420 1560 525 1625 tritum
550 1565 582 1626 et
603 1559 734 1629 inferes.
758 1562 800 1628 ad
824 1582 968 1629 mensum

91 1667 106 1711 o
132 1655 289 1728 agnoscet
312 1649 388 1730 quid
412 1648 593 1714 manducet.

91 1737 154 1800 l33.
187 1737 336 1802 Patina
368 1758 417 1804 ex
443 1739 573 1803 lacte:
605 1739 738 1803 nucleos
761 1738 912 1805 infundes
936 1745 969 1804 et
1014 1817 1015 1820 Ἴ

91 1843 118 1888 ts
151 1844 207 1889 eos
238 1864 281 1872 —
312 1833 460 1892 recentes
488 1826 589 1892 imbre
612 1833 743 1911 paratos
766 1827 900 1894 habebis
926 1865 963 1876 —

91 1912 153 1997 pies
184 1915 325 1998 patinam
357 1921 390 1981 et
418 1915 451 1979 in
484 1936 523 1980 ea
547 1935 711 2002 conpones
735 1916 863 2000 singula
883 1914 967 1982 iufra

91 2007 150 2065 lta:
183 2002 335 2068 mediana
364 2004 540 2068 malvarum
572 2010 604 2069 et
631 2006 776 2070 betarum
800 2012 832 2072 et
854 2024 967 2091 porros

91 2109 162 2170 irus,
187 2091 290 2176 apios,
313 2092 407 2157 holus
430 2094 526 2157 molle
551 2097 583 2158 et
596 2092 710 2157 viridia
727 2094 822 2176 elixa,
846 2095 965 2179 pullum

90 2184 156 2246 tum
181 2200 221 2244 ex
248 2180 318 2245 iure
350 2188 484 2262 coctum,
518 2182 679 2246 cerebella
703 2181 797 2264 elixa,
827 2182 965 2264 lucania,

97 2266 178 2332 dura
196 2289 254 2354 per
269 2269 410 2334 medium
424 2269 538 2351 incisa,
561 2276 674 2351 mutes,
698 2271 877 2353 longaones
894 2289 966 2357 por·

91 2444 464 2513 ipisciculorumquibusno·
518 2445 567 2500 sit
593 2444 721 2501 codicum
749 2450 793 2502 est
822 2445 908 2501 liceat
937 2451 984 2501 ab

102 2514 247 2582 βεμβράδες
265 2531 315 2570 seu
330 2514 462 2583 βεβρὰὃες,
517 2518 577 2570 215.
598 2516 658 2570 266.
679 2546 711 2555 -
735 2518 769 2571 in
788 2517 914 2586 patina
930 2520 968 2584 γθ

91 2583 190 2653 ,σινδόνες
209 2592 238 2641 et
255 2585 401 2654 μεμβράδες
426 2587 463 2640 sit
516 2587 552 2641 H.
576 2585 611 2640 in
630 2587 708 2641 lina
726 2588 832 2657 reliqui.
860 2617 893 2628 -
917 2587 966 2642 le·

91 2672 143 2719 um,
163 2659 239 2725 quod
258 2657 379 2712 edulium
397 2676 462 2722 μεμ-
516 2658 613 2712 viter
636 2659 717 2712 codd.
740 2660 791 2713 ire
811 2658 885 2713 coire
902 2658 965 2713 419.

91 2728 115 2791 la
135 2728 237 2782 dicitur
255 2745 300 2796 ap.
320 2727 424 2783 Athon.
437 2728 461 2791 7,
517 2728 718 2792 001.12‚42,3.
737 2729 965 2786 bullireHum.

91 2798 213 2868 tEtym.
239 2801 331 2868 Magn.
351 2816 379 2866 p.
400 2799 460 2862 177,
516 2829 548 2836 —
569 2799 628 2853 noli
646 2800 760 2869 iungere
778 2799 966 2856 inseresad

91 2899 111 2906 -
138 2886 171 2923 ex
196 2871 277 2925 codd.
302 2870 462 2938 apabab-
515 2884 668 2924 mensam
697 2887 758 2926 cum
788 2871 909 2927 librariis
936 2875 966 2926 et

91 2939 134 2993 lis
155 2940 208 2995 feci
233 2957 356 3008 apuam
381 2940 461 3008 bap·
515 2940 680 2994 editoribus.

91 3010 147 3064 bis
184 3017 323 3073 βαπτίσεις,
360 3010 461 3077 βάψεις,
568 3010 605 3064 ad
625 3011 684 3065 133.
720 3011 845 3065 810369.
877 3011 965 3066 aedub

91 3096 116 3141 s,
143 3081 305 3151 adsperges,
332 3082 459 3136 betraeu·
514 3082 656 3135 laureatus
676 3081 964 3137 exlactenomenha-

92 3152 173 3205 Hum.
202 3154 244 3207 ed.
273 3169 347 3207 cum
367 3167 461 3219 apua
513 3153 572 3214 bet,
592 3152 657 3221 quia
675 3153 754 3206 isicia
772 3168 808 3207 ex
826 3151 964 3220 lactepo·

91 3222 176 3276 abis.
514 3223 650 3276 tissimum
659 3222 789 3278 confecta
798 3222 962 3277 adiciuntur.

91 3292 97 3346 l
117 3294 177 3347 132.
197 3288 316 3346 artificia
330 3293 459 3346 adultera
514 3323 546 3330 -
566 3294 672 3347 emend.
692 3310 727 3347 ex
749 3294 793 3347 im
800 3308 963 3361 prepara·

101 3362 206 3418 farinae
235 3370 299 3417 sunt
332 3369 458 3418 rosatum
513 3363 631 3418 tosvel
647 3365 894 3432 inpraepquam
904 3363 963 3417 vul-

91 3434 181 3488 ·osal.
195 3434 299 3487 salsum
313 3434 458 3488 sinesalso
512 3439 607 3502 galam
652 3435 718 3488 olim
757 3433 964 3500 interpretabar

94 3535 126 3543 -
152 3505 352 3572 adimplere
377 3520 459 3572 pos·
515 3521 586 3569 „non
599 3508 718 3559 tostos“.
736 3503 851 3558 nucleos
863 3504 962 3571 pineus

91 3575 163 3630 dum.
192 3592 226 3630 ex
245 3576 288 3631 ed.
307 3592 348 3644 pr.
375 3590 458 3644 poa·
513 3589 595 3644 quam
611 3575 816 3630 recentissimos
830 3575 963 3631 adioitsi-
