2362 4178
386 123 447 178 Lib.
456 123 503 178 IV.
532 125 697 203 Pandectcs.
977 125 1020 189 93

137 282 208 346 175.
240 281 413 346 Minutal
437 281 559 347 dulce
583 303 628 346 ex
652 282 803 348 citriis:
840 282 961 348 adicies
984 282 1017 346 in

10 366 14 375 '
82 370 388 450 accabumals'um,
421 369 591 453 liquamen,
625 376 755 435 coctura
777 390 907 455 porrum
932 371 1018 455 capi·

78 457 176 536 161601,
210 457 363 523 60161666
397 458 597 522 coriandrum
631 458 817 538 minutatim,
860 458 1019 541 spatulam

72 545 231 627 porcinam
255 551 379 610 coctam
403 552 435 610 et
456 546 580 611 isiciala
602 546 730 612 minuta.
763 545 837 611 dum
862 546 1015 628 coquitur,

70 639 152 699 teres
175 633 278 719 piper,
303 633 460 713 ciminum,
486 633 686 698 coriandrum
705 634 807 699 viride
828 635 879 699 vel
899 655 1020 716 semen,

66 727 167 786 rutam
196 721 341 802 viridem,
372 722 485 785 lusaris
509 721 660 801 radicem,
691 722 856 787 suffundas
884 728 1019 803 acetum,

10 812 34 884 ξ’
65 809 246 890 defrictum,
276 810 325 873 ius
358 808 398 874 de
429 830 487 873 suo
518 810 588 887 sibi,
620 817 734 876 acceto
767 811 962 895 temperabis
989 816 1021 875 ct

61 897 198 964 ferveat.
233 917 304 962 cum
334 897 496 979 terruerit,
526 897 648 963 citrium
671 904 842 984 purgatum
864 899 945 962 intro
972 897 1019 962 fo-

60 1005 127 1067 ras,
152 985 340 1051 tessellatim
364 986 526 1051 concisum
550 993 581 1052 ct
605 986 756 1052 elixatum
788 987 821 1051 in
846 989 1020 1052 caccabum

60 1074 180 1139 mittes.
205 1080 340 1139 tractam
364 1073 546 1156 confringes
576 1081 607 1139 et
636 1094 677 1140 ex
701 1096 740 1140 ca
768 1075 902 1157 obligas.
928 1075 1021 1161 piper

59 1162 214 1249 aspargis
237 1168 270 1228 ct
292 1160 419 1228 inferes.

136 1251 208 1317 176.
241 1250 418 1315 Minutal
442 1271 490 1316 ex
514 1249 804 1336 praecoquiis:
840 1250 963 1318 adicies
986 1251 1019 1316 in

61 1340 241 1405 caccabum
271 1339 387 1420 oleum,
416 1339 588 1420 liquamen,
625 1341 742 1420 uinum,
783 1340 933 1406 concides
970 1360 1020 1406 cc·

60 1447 143 1512 pam
173 1427 371 1493 ascaloniam
401 1428 533 1509 aridam,
565 1429 723 1511 spatulam
754 1428 919 1511 porcinam
949 1427 1021 1493 606-

60 1523 132 1581 tam
155 1516 341 1583 tessellatim
374 1516 534 1581 concides.
566 1516 615 1581 his
640 1517 785 1582 omnibus
810 1517 912 1582 coctis
937 1522 1021 1582 teres

61 1605 170 1690 piper,
195 1603 353 1684 ciminum,
377 1611 516 1669 mentam
540 1606 668 1686 siccam,
693 1610 831 1686 anetum,
863 1603 1020 1670 suffundis

62 1693 141 1771 mel,
163 1693 334 1774 liquamen,
359 1712 499 1774 passum,
523 1699 649 1758 acetum
668 1691 807 1773 modice,
835 1693 883 1758 ius
905 1691 946 1758 de
962 1713 1019 1758 suo

60 1780 139 1858 sibi,
168 1781 372 1864 temperabis.
405 1781 600 1866 praecoquia
628 1782 795 1847 enucleata
824 1782 937 1846 mittes.
973 1781 1019 1846 sa-

62 1870 135 1935 6166
158 1875 190 1933 ut
211 1868 370 1934 inferveat
393 1869 497 1934 donce
517 1875 762 1952 percoquuntur.
788 1875 924 1934 tractam
946 1890 1020 1933 con-

60 1957 188 2039 fringes
212 1964 244 2023 et
267 1978 309 2022 cx
333 1977 372 2022 ea
395 1958 528 2039 obligas.
553 1957 646 2041 piper
667 1957 814 2040 aspargis
835 1964 866 2022 et
888 1955 1019 2022 inferes.

62 2147 202 2187 mannans
221 2140 250 2185 at
268 2146 417 2186 116166.-
434 2148 515 2186 acoe—
570 2149 629 2188 oox.
656 2133 697 2186 sic
715 2131 851 2187 aulicocia
870 2137 898 2186 et
917 2131 1022 2186 aulico-

63 2211 96 2258 to
116 2204 159 2256 69.
570 2219 625 2326 qua
644 2219 688 2270 ap.
708 2203 804 2268 Post).
837 2202 902 2257 inde
922 2202 1023 2258 Graeci

807 2272 812 2289 Ι

119 2273 158 2326 ad
178 2273 237 2327 175.
275 2273 379 2327 dulce
404 2277 515 2341 gratum
582 2279 694 2329 ceerunt
720 2291 855 2338 πραικοκια
881 2273 974 2327 Diosc.
997 2275 1023 2336 1,
1112 2312 1126 2325 .

63 2351 95 2403 61
122 2343 221 2412 palato
246 2351 401 2411 acceptum,
429 2358 515 2397 suave
571 2345 629 2397 165.
652 2343 749 2398 Galen.
771 2342 824 2398 fac.
845 2344 921 2397 alim.
937 2345 962 2406 2,
979 2345 1023 2397 26.
1130 2388 1134 2399 .

63 2421 161 2484 gustu.
176 2444 204 2450 —
218 2414 336 2468 citriis
354 2413 459 2468 citrinis
470 2430 514 2467 cu·
570 2415 601 2468 T.
611 2415 634 2467 6.
650 2430 675 2481 p.
686 2414 748 2468 786.
763 2413 898 2481 speximus
909 2421 937 2468 et
953 2418 1021 2481 sept-

64 2484 223 2540 cumeribus
255 2485 296 2538 75.
334 2515 362 2522 -
399 2483 516 2538 viride
569 2505 646 2533 κοκκα
656 2484 781 2539 medicus
792 2500 836 2552 ap.
848 2485 939 2539 Ideler
949 2485 984 2538 ll.
995 2500 1024 2552 p.

64 2556 133 2612 add.
153 2571 188 2610 ex
208 2554 267 2608 173.
288 2554 346 2608 174.
570 2556 798 2618 assusatus.
821 2553 855 2610 cf.
870 2556 1023 2623 Geoponic.

120 2625 159 2679 ad
178 2625 237 2679 176.
258 2625 516 2693 praecoquesin
571 2627 612 2686 10.
634 2627 675 2680 73.
692 2629 716 2678 2.
745 2626 809 2679 Itali
827 2627 974 2681 urbicocoo
995 2631 1025 2681 et

64 2713 116 2752 sex
142 2695 224 2751 codd.
252 2697 427 2764 praecoquiis
456 2695 515 2749 184.
569 2695 704 2764 prccoche
724 2697 816 2762 (vilior
833 2698 940 2764 species
959 2697 1024 2750 mali

65 2767 198 2822 dicuntur
221 2781 256 2820 ea
283 2767 358 2819 mala
386 2766 431 2820 vel
456 2767 517 2833 pira
570 2767 689 2834 persici),
708 2767 827 2821 Romani
842 2784 902 2821 cunr
923 2770 1024 2821 articu-

64 2851 227 2906 praecoqua
253 2836 371 2891 Martiali
401 2838 443 2898 13,
470 2836 514 2890 46.
570 2837 598 2890 10
617 2837 731 2892 arabico
755 2838 928 2899 alberooceo,
947 2837 1024 2892 alba-

64 2908 223 2977 praecccia,
256 2922 394 2974 praecoca
424 2905 515 2960 Edict.
569 2907 690 2975 ricoquc,
704 2909 865 2977 albricoque
886 2907 960 2964 Galli
977 2908 1025 2962 dc·

64 2978 158 3033 Diocl.
184 2979 209 3040 6,
233 2978 276 3031 58.
302 2994 320 3031 a
344 2976 516 3032 nominativo
570 2979 652 3045 nique
672 2979 787 3034 abricot.
818 2978 852 3034 cf.
874 2979 942 3034 Dicz
970 2978 1023 3036 lex.

66 3064 200 3118 praecox.
214 3051 378 3117 praecoquis
396 3055 425 3102 et
438 3062 517 3115 prae·
574 3049 600 3101 d.
622 3064 690 3103 rom.
710 3058 763 3118 spr.
784 3066 810 3117 p.
823 3052 849 3103 9.
869 3049 1024 3107 Schwenck

66 3135 177 3188 coquus
204 3119 289 3186 (Hild.
318 3120 355 3173 ad
382 3118 467 3186 Apul.
490 3119 518 3172 ll
573 3118 731 3175 Wocrterb.
760 3121 786 3174 d.
816 3120 939 3175 deutsch.
966 3138 1022 3190 spr.

65 3206 93 3259 p.
115 3191 176 3244 606.
197 3191 257 3244 607.
278 3191 326 3244 lan
343 3190 379 3244 ad
395 3189 516 3244 llaerob.
572 3206 599 3257 p.
619 3192 662 3243 22.
689 3197 867 3259 opponuntur
886 3191 955 3245 66116
974 3209 1024 3250 seu

66 3267 121 3319 sat.
137 3262 163 3326 3,
177 3261 218 3327 19,
238 3263 253 3316 2
271 3261 390 3317 Forcell.
402 3261 516 3332 inprae-
571 3261 757 3322 serotinis-
778 3262 898 3317 mittes
917 3261 945 3318 iu
959 3280 1024 3327 61111·
