2362 4178
459 382 518 440 Lib.
538 382 572 440 V.
603 384 732 453 Ospreos.

1005 387 1062 454 101

114 543 184 611 tina
208 544 372 629 conponis.
396 549 481 611 teres
503 545 606 634 piper,
630 551 768 612 mentam
792 544 921 629 siccam,
950 546 1067 614 suffun-

114 632 179 698 des
199 633 369 716 liquamen,
393 634 514 700 adicies
537 635 610 716 mel,
631 645 779 717 passum,
809 635 916 699 vinum
940 641 973 701 et
994 657 1067 702 ace-

114 727 191 790 tum.
222 721 366 787 refundis
396 722 429 787 in
460 722 600 806 patinam
633 743 730 809 snper
763 723 969 809 praecoquis,
1005 717 1068 791 olei

113 810 276 876 modicum
298 811 395 876 mittis
419 817 451 877 et
466 812 552 877 lento
570 811 639 894 igni
661 811 792 878 ferveat.
819 831 890 877 cum
906 812 1067 898 fervuerit,

113 901 221 965 amolo
258 899 392 986 obligas.
428 900 522 990 piper
555 900 703 991 aspargis
737 905 770 966 ei
791 899 919 968 inseres.

256 1111 916 1202 110111111101000110111001.

524 1274 604 1342 LIB.
629 1273 667 1341 V.

185 1387 256 1498 185.
288 1435 441 1499 Pullos.
486 1433 609 1500 Alicam
640 1437 810 1521 purgatam
833 1433 985 1518 infundis,
1017 1456 1068 1503 co·

116 1541 206 1604 qnos.
233 1543 304 1588 cum
326 1521 489 1606 terruerit,
519 1524 622 1588 oleum
646 1521 751 1588 mittis.
778 1542 849 1588 cum
872 1524 1068 1609 spissaverit,

114 1610 186 1676 lias.
233 1610 364 1678 Adicias
388 1612 548 1677 cerebella
572 1611 635 1676 duo
660 1617 752 1677 cocta
776 1617 808 1677 01
827 1611 976 1678 selibram
1000 1614 1071 1698 pul-

113 1719 178 1782 pae
203 1700 294 1781 quasi
317 1703 361 1767 ad
384 1699 475 1765 isicia
498 1699 622 1782 frisiae,
648 1719 718 1764 cum
743 1700 911 1766 cerebellis
934 1707 1019 1767 teres
1039 1708 1071 1768 01

113 1787 148 1852 11
173 1790 347 1855 caccabum
370 1789 485 1854 mittes.
507 1794 592 1855 teres
609 1788 711 1872 piper,
735 1787 917 1870 ligisticum,
941 1789 1071 1855 feniculi

115 1897 236 1958 semen,
261 1877 416 1944 suffundis
440 1877 601 1961 liquamen
625 1882 657 1943 et
678 1877 757 1942 meri
774 1876 933 1944 modicum
954 1877 1069 1944 011111-

114 2053 567 2117 eodd‚ad176.—duraeina

112 2124 307 2194 primetica
324 2125 461 2194 pusilla
484 2142 519 2194 p.
539 2126 566 2179 in

112 2196 223 2265 aliquot
242 2195 322 2250 codd.
342 2195 459 2251 sadduc
472 2196 567 2265 priora

112 2266 255 2321 adiectiva
273 2281 291 2320 a
309 2268 433 2336 margine
457 2268 566 2322 venisse

112 2336 241 2392 videmus
278 2353 313 2391 nu
341 2357 361 2387 π
388 2339 435 2406 qui
468 2337 566 2394 ferte

112 2408 290 2463 duracina
309 2408 473 2463 ducenda
492 2409 565 2478 pri-

111 2479 248 2533 metica
296 2484 325 2533 et
370 2496 404 2535 ex
444 2484 478 2530 sn
517 2480 565 2548 qui

110 2550 349 2618 praecoquiis
380 2547 480 2605 forte
510 2550 565 2604 du·

110 2619 238 2674 racina
257 2621 394 2674 dusilla
418 2636 564 2689 praeco·

111 2691 203 2759 quia·
241 2690 270 2745 0.
297 2691 402 2747 Gesner
425 2692 453 2745 in
477 2706 563 2760 marg.

109 2763 154 2816 sui
180 2761 346 2830 exemplaris
372 2778 440 2816 corr.
461 2777 564 2830 prae·

110 2831 224 2887 occia.
250 2834 450 2901 precequia
478 2831 562 2887 cedd.

108 2917 317 2971 praecoqua
360 2905 372 2962 ζ
413 2903 493 2956 Hom.
533 2907 562 2957 01

108 2972 282 3028 Schneidere
308 2974 354 3042 qui
379 2972 562 3028 conferendus

109 3044 147 3098 ad
172 3043 422 3106 0011111.10,410.
444 3043 561 3112 ,primo-

108 3114 183 3168 tiea¹⁴
211 3129 268 3167 vox
292 3129 309 3167 a
336 3115 494 3184 glossatore
512 3113 562 3168 ad-

108 3185 171 3239 dita
189 3188 240 3238 011.

162 3254 219 3308 Ad
243 3255 372 3309 librum
395 3255 428 3309 V.
458 3254 505 3322 qui
532 3253 561 3307 in

82 3328 84 3336 ⁴
109 3325 232 3394 quinque
251 3325 409 3379 inscribitur
427 3329 560 3387 ostreo,

109 3396 136 3450 in
156 3395 199 3451 ed.
217 3398 260 3464 pr.
287 3410 452 3464 capreos,
477 3394 558 3449 codd.

109 3466 231 3525 uitalia
250 3466 392 3530 011111111,
414 3467 495 3520 Η111.
515 3464 559 3519 011.

110 3537 265 3614 osprios.
291 3537 375 3592 etiam
396 3536 559 3594 Grammati-

622 2053 661 2108 cis
681 2057 712 2107 ut
730 2052 902 2123 Etymologo
916 2054 950 2108 ll.
970 2070 998 2122 p.
1008 2055 1070 2118 576,
1170 2102 1172 2106 1

620 2124 663 2178 48.
684 2122 727 2179 ed.
753 2123 828 2192 Lips.
850 2125 963 2191 ὄσπρεον
980 2125 1070 2180 minus

620 2195 714 2264 placet
733 2208 814 2261 quam
833 2195 948 2261 ὄσπριον,
967 2211 1069 2250 novum

620 2280 720 2321 nemen
740 2265 1070 2338 0111001ὄσπρεοςθει

620 2336 700 2406 quasi
712 2332 896 2401 doapsoddnqs
915 2335 1001 2403 (quali
1011 2353 1069 2391 mo·

620 2407 657 2461 do
680 2405 753 2459 liber
777 2410 892 2473 quartus
910 2405 1095 2467 inscribitur.

619 2474 767 2542 πανδέκτης)
804 2477 849 2531 vel
883 2474 1068 2544 ὅσπρευδόχος,

619 2546 825 2617 leguminarius‚
842 2547 918 2616 quod
929 2547 1068 2603 variorum

618 2618 787 2688 leguminum
821 2618 1006 2686 pulmentaria
1039 2624 1069 2674 et

618 2705 712 2746 eorum
749 2689 910 2744 condituras
943 2704 1067 2757 compre·

617 2759 722 2815 hendat
747 2764 776 2813 et
801 2756 937 2815 conficere
956 2760 1066 2815 doceat.

618 2831 654 2886 de
672 2830 751 2899 pulte
770 2845 805 2885 ex
827 2829 1012 2900 leguminibus
1032 2829 1066 2885 ei.

617 2917 687 2970 quos
722 2900 821 2954 laudat
851 2901 991 2955 Hermann
1020 2901 1066 2957 Gr.

615 2970 762 3026 Privatalt.
781 2976 803 3035 1.
824 2970 867 3034 24,
884 2973 926 3025 25.

669 3040 705 3095 ad
726 3041 786 3095 185.
806 3056 841 3095 ea
858 3042 922 3110 puls
938 3043 1066 3110 sequenti

614 3111 754 3166 simillima
773 3113 888 3180 eamque
904 3113 939 3167 ob
954 3127 1066 3166 eausam

614 3182 650 3236 ab
678 3182 759 3237 Hum.
791 3183 893 3237 omissa
927 3183 955 3235 in
983 3182 1065 3237 codd.

614 3255 706 3307 locum
725 3257 791 3308 ants
818 3254 876 3307 190.
902 3252 995 3307 habet.
1015 3253 1066 3306 in-

615 3322 739 3377 fundis
758 3326 785 3377 in
804 3338 905 3391 aquam
925 3324 984 3376 179.
1004 3323 1064 3376 208.

615 3395 668 3448 (lat
697 3395 836 3456 76,1.-
862 3393 961 3461 ligas
981 3393 1063 3447 codd.

614 3464 758 3533 obligas
782 3463 862 3516 Hnm.
889 3463 948 3516 186.
973 3477 1065 3518 meum
1165 3480 1172 3488 ⁸

613 3535 686 3595 lias
712 3540 755 3590 est
781 3534 851 3615 lpas,
876 3533 976 3602 liques,
996 3532 1064 3605 deli.
