2362 4178
519 411 674 472 Praefatio.
1055 413 1076 482 6

119 575 312 644 cantilenam
334 595 400 641 non
423 574 545 642 audies.
569 575 624 660 pol
647 575 751 640 'luam
774 574 817 639 ad
833 574 962 643 laudem
979 599 1075 661 quam

118 686 239 771 apertis
269 684 355 752 tibiis
386 685 514 751 celebro
538 721 582 732 -
613 684 767 750 musicam
798 680 894 752 docet
923 707 1014 752 amar
1045 694 1077 754 et

116 793 144 858 si
167 791 263 859 fuerit
284 792 432 858 indoctus
449 791 537 874 prius
556 828 593 840 -
613 790 724 856 addito
741 791 949 875 praefiscine!
985 794 1075 861 Alter

118 900 218 964 Ianus
250 918 296 982 es,
335 899 417 964 alter
447 898 723 964 Rhadamanthus
741 897 924 981 iustitiaque
954 899 1075 984 iustior,

118 1006 201 1073 alter
224 1005 350 1090 Cydon,
374 1005 514 1087 antiquis
532 998 684 1087 inanibus,
709 1010 773 1069 tam
790 1005 974 1089 inculpatae
989 1007 1075 1074 vitae

118 1133 214 1196 quam
232 1111 398 1178 doctrinae
414 1132 478 1177 non
494 1111 639 1194 trivialis,
659 1112 825 1195 specimen
841 1113 995 1178 bonamm
1012 1113 1074 1179 dis-

116 1219 317 1303 ciplinarum,
351 1217 411 1284 flas
445 1218 588 1284 illibatus
622 1217 832 1300 ingeniorum,
870 1218 967 1284 attica
1000 1218 1074 1301 fide,

116 1324 236 1407 diguus
260 1326 386 1407 quicum
409 1326 443 1390 iu
467 1325 607 1391 tenebris
625 1325 768 1407 minetur,
793 1344 905 1390 aurum
920 1326 986 1408 igni
1002 1346 1074 1410 prc-

117 1433 238 1515 batum,
269 1453 335 1498 nan
366 1432 477 1515 lingua
512 1431 643 1514 amicus,
672 1452 738 1496 non
768 1431 832 1496 fers
856 1433 958 1498 altera
979 1452 1075 1500 manu

116 1559 247 1623 aquam,
274 1540 384 1624 ignem
416 1540 531 1622 altera,
563 1559 668 1621 neque
688 1538 763 1614 ‚fers
794 1540 895 1604 altera
922 1539 1074 1623 lapidem,

116 1647 221 1712 altera
245 1652 389 1712 ostentas
414 1666 541 1730 panem,
566 1665 631 1710 non
654 1645 881 1729 manticularis,
905 1667 969 1712 ncn
985 1645 1075 1714 dives

115 1773 154 1820 es
188 1753 364 1837 promissis,
401 1771 437 1818 os
471 1751 511 1817 iis
546 1752 640 1818 inest.
677 1771 718 1817 ex
740 1751 845 1818 fronte
867 1753 1072 1836 perspiceris,

115 1860 200 1925 mira
222 1859 399 1926 lenitudine
415 1879 454 1925 ac
471 1858 629 1924 suavitate
644 1857 822 1941 abundans,
848 1857 952 1942 gratia
967 1880 1073 1943 paene

116 1964 259 2048 quadam
283 1963 439 2048 quidquid
464 1965 523 2047 ais,
548 1964 703 2047 quidquid
719 1965 870 2048 loqueris,
894 1966 959 2031 imo
977 1965 1073 2032 etiam

100 2073 146 2138 si
169 2073 248 2138 nihil
272 2073 320 2138 ais
343 2071 485 2153 nihilque
504 2071 653 2153 loqueris,
678 2071 832 2153 singulari
855 2092 895 2137 ac
910 2073 997 2136 vultu
1017 2071 1072 2138 de-

113 2179 213 2260 nique
235 2179 308 2263 ipsa
330 2179 476 2244 hemines
497 2177 651 2259 devincis,
674 2177 880 2243 iucunditatis
899 2178 971 2260 plus
989 2177 1074 2244 inest

112 2287 150 2352 in
172 2287 221 2352 Ta
245 2285 322 2350 mihi
345 2304 441 2368 quam
473 2285 694 2351 commercatis
718 2285 894 2367 conquisita
914 2284 1070 2351 edulibus.

111 2392 142 2458 si
165 2394 267 2458 verba
291 2398 501 2476 suppeterent
524 2391 642 2474 anima,
666 2391 799 2458 laudare
819 2412 877 2475 pro
897 2391 1010 2458 merita
1024 2392 1070 2457 in-

112 2498 256 2582 genium,
280 2498 390 2564 literas
413 2499 500 2563 Tuas
523 2518 665 2579 conarer,
690 2497 749 2563 sed
764 2517 878 2564 vereor
897 2518 939 2564 ne
958 2497 1072 2564 laudes
1126 2587 1128 2590 v

112 2625 216 2688 cogar
239 2610 354 2688 tantas,
379 2606 573 2670 ut-Flaccus
603 2606 691 2669 Tuus
719 2605 830 2686 inquit,
860 2605 955 2688 culpa
983 2604 1071 2671 dete·

111 2731 188 2778 rere
210 2711 343 2794 ingenii.
376 2711 512 2777 eruditio
543 2712 614 2776 'lua
641 2711 697 2776 illa
719 2711 851 2776 interior
872 2717 968 2792 atque
991 2710 1070 2794 pali-

110 2819 175 2882 tior
206 2839 226 2883 a
257 2818 384 2883 nemine
412 2837 477 2882 non
511 2819 607 2901 paulo
630 2817 818 2884 humaniore
841 2817 1020 2901 suspicitur,
1051 2838 1072 2882 a

111 2945 166 2990 me
193 2930 225 2990 et
248 2924 419 3009 suspicitur
436 2929 619 2996 elamatur.
644 2924 705 2990 hcc
720 2924 752 2989 in
769 2943 926 3008 praesens
942 2923 985 3004 fit,
1009 2922 1071 2989 hcc
1144 2956 1147 2963 ·

109 3027 202 3096 idem
225 3030 281 3096 fiet
303 3031 334 3095 in
358 3036 532 3114 posterum.
557 3049 627 3095 sum
650 3036 683 3095 et
705 3051 759 3096 erc
780 3031 920 3094 Tuarum
939 3029 1070 3094 laudum

82 3200 85 3204 ,
110 3135 141 3202 si
165 3156 231 3201 non
245 3134 391 3217 idoneus,
416 3137 530 3202 saltem
545 3137 720 3204 benevolus
736 3136 931 3203 buccinator.
957 3134 1068 3200 meritc

109 3262 219 3307 meres
249 3249 284 3306 ut
316 3242 462 3324 diligere,
495 3242 602 3308 anima
624 3263 697 3308 mea
721 3249 752 3308 et
775 3242 856 3306 vita!
902 3242 951 3307 Te
974 3262 995 3306 a
1017 3261 1069 3307 me

109 3347 215 3415 amari
239 3348 361 3432 crepitu
384 3349 546 3431 probabis.

181 3455 287 3519 Tanta
312 3460 361 3520 est
384 3455 445 3518 Tui
467 3455 499 3519 in
523 3475 574 3519 me
599 3454 694 3520 cfficii
717 3453 915 3536 magnitudo,
942 3459 975 3517 ut
997 3473 1069 3519 cum

107 3563 162 3628 Tu
188 3566 220 3628 et
242 3560 376 3627 consilio
400 3567 432 3627 et
453 3581 489 3627 re
512 3560 624 3627 iuvare
648 3580 699 3627 me
722 3579 883 3645 nunquam
908 3558 1068 3631 destiteris
