2362 4178
172 373 216 437 26
508 450 514 458 Ι
576 376 728 435 Praefatio.

173 543 231 604 aut
260 535 321 602 boc
352 557 424 603 esse
455 536 594 619 denique
623 517 733 624 putem
763 536 849 620 quod
876 537 955 602 Tuis
978 557 1059 620 erga
1081 557 1133 606 mo

174 645 293 710 meritis
316 643 481 725 debeatur,
511 665 619 710 verum
644 664 715 710 cum
737 644 867 730 prodire
891 645 996 710 nollet
1017 646 1052 710 in
1069 666 1132 732 ‚pu-

174 751 293 816 blicum
315 751 396 816 liber
418 752 487 816 sinc
517 752 705 835 patrocinio,
737 752 841 815 Tuum
870 751 1048 837 praecipue
1071 752 1132 819 sibi

173 877 268 923 nome
280 857 472 940 ninscripsit,
496 878 537 924 cx
554 878 616 939 quo
632 857 727 921 tutior
741 855 825 922 foret
841 864 938 938 atque
954 856 1130 925 honestior.

174 982 273 1046 quare
296 963 424 1046 suscipe
447 983 568 1047 quaeso
593 963 747 1044 quidquid
778 963 840 1029 boc
864 970 914 1028 θεῖ
935 963 1000 1028 mei
1024 963 1132 1030 foetus

173 1089 238 1153 qua
267 1090 318 1134 mc
348 1088 473 1152 quoque
503 1071 609 1156 ipsum
640 1070 726 1134 soles
752 1069 950 1134 humanitate
982 1089 1132 1156 quaeque
1169 1152 1175 1159 ι

173 1182 263 1240 tanta
287 1182 335 1241 est
358 1182 392 1240 ut
413 1177 462 1241 Τθ
485 1176 560 1241 boni
583 1177 796 1241 consulturum
821 1175 976 1260 quidquid
996 1196 1018 1242 a
1037 1177 1132 1243 nobis

172 1283 394 1368 proficiscatur
406 1281 592 1347 existimem.
614 1283 761 1368 Apicium
774 1282 859 1347 bunc
871 1288 1015 1346 nostrum
1028 1282 1132 1349 donec

175 1388 296 1453 maiora
326 1388 400 1454 Tibi
429 1409 469 1453 ac
497 1389 633 1453 fortasse
662 1389 795 1454 meliora
817 1388 1011 1475 parturimus
1034 1389 1132 1455 veluti

175 1494 378 1580 praeludium
400 1493 530 1576 aliquod
556 1496 624 1560 veri
646 1495 783 1576 iustique
806 1495 935 1575 laboris,
959 1515 1024 1577 quo
1039 1497 1132 1563 citius

178 1599 291 1665 rodem
314 1601 482 1686 accipiam,
506 1603 592 1666 loeta
614 1621 764 1682 rogamus
787 1602 892 1666 fronte
915 1602 1072 1689 excipias.

221 1708 349 1771 Dabam
375 1728 416 1772 ex
438 1709 581 1773 museolo
604 1714 713 1772 nostro
736 1709 822 1793 quod
846 1714 896 1773 est

263 1795 434 1860 adientes
458 1796 638 1862 danubinos
660 1796 741 1864 ldib.
766 1805 845 1869 Deo.

430 1880 658 1953 MDCCCLVI.

466 2526 660 2594 CODICUM
682 2526 838 2594 NOTAE.

224 2712 244 2768 β
262 2705 358 2760 Codex
375 2704 528 2757 Vaticanus
549 2704 617 2756 1146
636 2704 699 2758 circ
717 2704 745 2757 X
763 2719 817 2759 sec

226 2798 242 2843 y
260 2776 357 2830 Codex
374 2775 527 2829 Vaticanus
547 2776 616 2828 1145
633 2790 687 2829 seo.
707 2774 783 2828 XIV.

225 2867 245 2897 n
264 2846 360 2901 Codex
379 2847 521 2900 Parisinus
540 2847 619 2899 6161.

226 2915 244 2966 δ
262 2917 359 2971 Codex
376 2917 553 2972 Florentium
571 2918 701 2970 Laureut
720 2917 783 2971 eod.
803 2917 839 2971 20
855 2917 926 2986 plut
947 2919 989 2972 73.

225 2990 239 3047 ζ
307 3029 320 3054 ,,
448 3027 461 3052 „
570 2988 605 3040 26
623 2987 750 3041 Riccard,
772 2988 849 3041 1464.

226 3063 246 3108 e
306 3099 320 3124 „
448 3098 461 3123 „
570 3059 605 3111 29
678 3097 691 3122 „

448 3168 461 3193 „
572 3129 606 3181 61
622 3129 755 3182 Laurent.

224 3151 239 3178 κ
307 3169 320 3194 n

224 3202 294 3258 Cod.
313 3199 430 3262 Salmas,
449 3199 545 3254 Codex
563 3199 753 3253 Salmasianns
771 3199 837 3264 (vid
857 3199 945 3269 praef.
967 3217 995 3269 p
1014 3202 1067 3266 alt

223 3272 275 3326 Ed
295 3287 346 3339 pr..
364 3270 461 3326 Editio
479 3271 608 3337 princeps
626 3270 736 3325 Veneta
754 3269 820 3337 (vid.
839 3269 927 3337 praet
947 3287 975 3340 p.
997 3272 1053 3336 13).-

222 3343 257 3396 Η.
277 3359 299 3395 s.
318 3342 409 3403 Hum,
428 3340 609 3408 Humclbergi
627 3341 722 3394 Editio
742 3341 808 3408 (vid
828 3339 915 3408 praef.
935 3357 964 3410 p.
983 3343 1037 3406 14).

223 3413 290 3468 Tor.
307 3412 369 3477 Ed,
388 3411 484 3465 Torini
502 3411 590 3465 editio
609 3411 678 3478 (vid
696 3409 783 3478 praef.
803 3427 832 3479 p.
852 3412 905 3476 14).
