2362 4178
462 407 615 465 Praefatio.
784 486 788 494 Ι
973 405 1011 469 11

51 595 136 660 quas
161 593 233 641 cum
256 571 369 638 lexicis
385 572 439 638 alii
455 571 628 656 scriptores
644 572 796 655 ignorant
812 576 843 635 et
859 565 1015 632 citerioris

53 683 176 752 aetatis
196 681 329 766 propria
362 681 521 746 vocabula
551 701 615 745 non
639 681 771 764 neglexi
799 678 936 744 subinde
959 699 1015 744 an·

51 798 169 856 notare
194 795 227 854 et
250 789 435 871 explanare.
460 809 501 854 ne
522 788 718 872 reipublicae
741 787 904 854 literariae
928 787 1015 854 cives

54 897 127 964 istis
151 894 388 961 difficultatibus
417 897 451 960 in
481 902 643 979 posterum
667 894 888 961 deterreantur
911 901 944 961 ct
965 916 1014 962 re·

55 1004 185 1088 fugiant
207 1023 228 1066 a
250 1000 392 1084 legendo
410 1010 540 1069 auctore
554 1023 619 1068 non
634 1004 732 1087 plane
745 1002 943 1069 infructuoso
961 1009 1017 1068 aut

54 1111 171 1193 inutili,
188 1129 260 1176 oum
276 1107 319 1173 ad
336 1108 594 1192 cognoscendam
609 1130 677 1175 rem
693 1110 852 1194 privatam
871 1115 1016 1176 veterum

54 1224 123 1293 tum
147 1235 249 1300 saepe
273 1215 314 1282 ad
337 1214 502 1281 historiam
530 1216 711 1282 literarium
734 1217 929 1297 necessario,
960 1237 1015 1282 ne·

56 1345 120 1410 que
151 1323 292 1405 denique
321 1327 355 1387 ut
383 1322 542 1389 communi
572 1324 722 1409 Europae
745 1325 922 1390 universae
949 1344 1015 1390 mu

57 1433 157 1515 gistro
174 1428 418 1497 contemnendo.
439 1436 636 1515 praetereas,
660 1437 753 1515 pater
773 1431 1014 1515 elegantiarum,

58 1539 84 1605 si
108 1537 188 1623 quid
210 1557 274 1602 non
296 1535 375 1602 lacit
398 1536 440 1602 ad
464 1537 671 1606 stomachum.
687 1539 857 1604 vorborum
872 1558 1016 1604 meorum

57 1646 142 1712 adeo
166 1664 284 1729 parcus
306 1644 362 1726 iul,
392 1650 427 1708 ut
448 1664 513 1709 non
535 1650 657 1709 tantum
680 1645 714 1709 in
735 1646 838 1710 nullas
862 1644 1016 1710 orationis

56 1753 269 1820 amoenitates
295 1751 475 1817 diffuderim
499 1751 558 1818 sed
579 1759 611 1818 et
630 1752 813 1832 sententias,
833 1751 888 1816 ubi
907 1752 1016 1834 plures

57 1867 150 1927 erant
180 1860 222 1925 de
252 1879 288 1925 re
318 1879 391 1939 nna,
424 1859 572 1924 diffluere
594 1859 758 1925 maluerim
784 1878 879 1940 qnam
903 1877 1015 1942 oporo-

58 1967 144 2032 aiore
167 1965 323 2032 sermonis
346 1965 445 2031 veluti
467 1971 593 2030 textura
617 1965 813 2032 summittere
845 1971 877 2031 et
907 1965 1015 2031 devin-

57 2073 133 2155 cire,
166 2093 208 2139 ne
239 2073 363 2140 scilicet
386 2093 466 2157 opus
488 2073 522 2138 in
545 2074 674 2138 nimiam
697 2073 814 2138 molem
839 2073 965 2138 etmihi
985 2079 1017 2139 et

55 2181 171 2247 lectori
200 2182 369 2247 molestam
400 2185 612 2246 excresceret.
643 2179 686 2246 ad
716 2201 823 2246 meum
853 2179 1017 2246 scribendi

55 2306 170 2370 genus,
195 2287 250 2352 uhi
272 2288 319 2352 sic
343 2287 471 2354 occasio
494 2288 566 2370 fert,
591 2288 673 2354 haec
691 2288 825 2370 habeas,
849 2287 945 2352 homo
960 2307 1015 2353 ve·

55 2394 192 2461 nusdor..
206 2393 401 2460 lineamenta
417 2395 580 2464 Ciceronis
593 2416 659 2461 non
677 2395 806 2476 effiugo,
826 2393 903 2459 mihi
917 2394 1016 2477 longe

55 2501 220 2568 honestior
242 2502 324 2566 tauri
346 2502 448 2568 facies
471 2507 526 2568 ant
547 2503 624 2568 item
646 2501 749 2567 leonis
780 2521 874 2584 qnam
903 2501 1015 2567 simiae

54 2608 185 2675 videtur
216 2629 300 2691 quae
329 2614 438 2676 tamen
468 2608 588 2674 homini
611 2608 743 2674 similior
766 2614 824 2674 est.
848 2607 924 2672 mihi
948 2607 1015 2689 qui·

55 2715 132 2781 dem
156 2716 337 2798 quicunque
359 2721 481 2781 tantum
506 2721 700 2802 componunt
723 2735 764 2780 ex
783 2714 958 2779 imitatione
974 2714 1015 2779 si·

55 2822 150 2888 miles
174 2841 249 2888 esse
271 2804 324 2887 rel
345 2823 484 2906 psittaco
504 2822 556 2887 vel
571 2823 665 2906 picae
680 2821 830 2886 videntur
848 2821 1014 2904 proferen-

54 2929 141 2995 tibus
164 2949 248 3011 quae
271 2951 332 2995 nec
355 2930 554 3011 intellegunt,
587 2935 697 2995 carent
725 2929 808 2994 enim
833 2948 916 3010 quae
939 2929 1022 3015 scri·-

54 3037 136 3102 bunt
157 3035 212 3100 isti
234 3035 355 3102 viribus
380 3042 412 3102 et
426 3037 501 3118 vita,
527 3041 637 3102 carent
650 3040 734 3117 actu,
760 3040 871 3100 carent
886 3034 1013 3115 effectu,
1088 3031 1092 3038 “

54 3148 168 3207 carent
196 3141 315 3223 indole,
346 3143 463 3225 iacent,
495 3143 664 3223 dormiunt,
695 3147 839 3222 stertunt,
870 3141 948 3205 nihil
969 3140 1016 3207 ihi

53 3268 178 3331 rerum,
205 3248 284 3314 nihil
313 3249 460 3332 solidum,
492 3248 569 3313 nihil
600 3249 723 3314 efficax.
755 3269 806 3314 me
836 3253 871 3312 ut
902 3248 1015 3332 opinor

54 3355 213 3439 exprimo,
238 3355 308 3421 sine
332 3356 450 3422 cortice
473 3362 585 3420 natare
608 3355 691 3418 volo.
723 3361 758 3419 ut
781 3356 862 3420 bene
886 3373 1014 3419 currere

54 3483 124 3528 non
145 3467 256 3546 potest
279 3462 332 3543 qui
354 3461 474 3546 pedem
499 3482 622 3546 ponere
642 3461 750 3528 studet
766 3461 799 3526 in
816 3460 928 3524 alienis
944 3465 1013 3525 tan·

52 3576 122 3636 tum
145 3568 301 3651 vestigii,
324 3568 370 3634 ita
393 3589 453 3635 neo
477 3571 559 3636 bene
580 3552 722 3637 scribere
737 3567 790 3650 qui
802 3573 955 3650 tanquam
971 3566 1013 3635 de
