2362 4178
407 418 466 474 Lib.
486 414 534 474 IV.
571 418 733 475 Pandantes
1021 420 1064 485 99

110 578 193 644 aies:
225 585 309 644 teres
333 578 435 664 piper,
466 577 649 660 ligistioum,
673 576 813 658 fricatis,
838 577 1003 643 suffundas
1026 579 1061 643 li·

111 687 248 748 quamen
273 674 304 730 et
326 666 443 745 vinum,
467 685 564 752 passo
587 666 782 751 temperabis
798 666 850 730 vel
866 665 939 732 vino
957 665 1061 749 dulce,

109 755 305 840 temperabis
334 755 368 818 in
399 755 584 833 eaooabulo,
608 753 704 818 mittis
728 753 790 819 olei
814 753 983 820 modicum.
1016 754 1062 820 fa-

111 844 178 907 ries
203 850 237 907 ut
259 843 390 908 ferveat.
417 849 487 906 oum
511 842 671 921 fervuerit,
696 843 800 906 amolo
821 843 958 925 obligas,
982 844 1062 928 pati-

110 951 185 995 nam
209 951 319 995 versas
348 930 380 994 in
404 929 538 1010 lancem,
571 929 647 994 folia
669 930 844 994 malvarum
870 937 944 996 ante
967 931 1061 1012 tollis,

110 1039 276 1100 oenogaro
307 1017 482 1103 perfundis,
513 1019 644 1103 insuper
674 1019 766 1103 piper
790 1018 937 1103 aspargis
961 1025 994 1085 et
1015 1019 1063 1083 in-

108 1106 206 1173 seres.

181 1197 253 1261 182.
287 1194 457 1260 Gustum
481 1194 529 1259 de
554 1194 760 1259 oleribus:
793 1194 925 1259 condies
950 1195 1063 1261 bulbos

110 1284 294 1365 liquamine,
319 1283 391 1349 oleo
413 1289 447 1356 et
469 1283 553 1346 vino.
578 1303 649 1347 oum
673 1282 756 1347 noeti
778 1282 904 1363 luerint,
924 1283 1063 1349 isoinera

111 1373 247 1457 porcelli
278 1378 309 1437 et
340 1371 528 1453 gallinarum
561 1377 592 1435 et
619 1371 767 1453 angellas
791 1378 823 1436 et
845 1370 960 1438 soellas
984 1370 1062 1437 divi-

111 1481 166 1527 sas
189 1461 337 1526 -haee
366 1459 473 1525 omnia
501 1479 571 1524 oum
599 1459 703 1525 bulbis
725 1458 881 1526 ferveant.
906 1480 977 1526 oum
1001 1461 1064 1528 fer·

145 1618 205 1656 aee.
213 1602 330 1661 πουλίον,
337 1601 456 1662 turdum,
467 1593 563 1654 ficetu-

122 1688 176 1736 am,
194 1673 331 1726 miliarum
349 1673 469 1739 (κέρχνην
480 1685 562 1739 grau·

111 1759 217 1798 ammer
244 1741 278 1796 ef.
304 1741 446 1796 Kaeroher
469 1742 560 1811 Etym.

111 1815 193 1869 beitr.
214 1813 231 1866 4
249 1829 276 1881 p.
295 1813 349 1877 45.)
370 1842 401 1850 -
428 1829 468 1867 ex
486 1813 561 1866 iure

111 1885 186 1940 iuste
205 1884 247 1938 54.
269 1913 301 1921 -—
320 1884 498 1952 promixta
516 1882 560 1938 vel

112 1955 296 2024 promisca
320 1955 376 2007 iam
405 1954 460 2008 141.
490 1970 560 2011 oorr.

112 2042 163 2095 pro
189 2025 401 2094 praemixta.
426 2055 453 2063 -
481 2024 565 2078 laxa

113 2097 218 2158 laxata,
244 2100 325 2149 ooeta
344 2095 431 2156 isioia,
456 2095 564 2163 gigaria

115 2174 166 2222 oet.
189 2198 220 2204 -
246 2167 411 2220 inversos
430 2182 485 2219 non
505 2182 564 2218 ver-

114 2254 171 2300 sos,
195 2253 250 2290 uon
269 2243 401 2298 mutatos,
425 2252 481 2290 non
500 2252 564 2289 eon-

115 2309 198 2371 eisos,
212 2308 345 2375 integros.
365 2307 430 2361 olim
444 2306 564 2373 expliea-

114 2379 178 2432 bam
199 2393 233 2432 ox
252 2377 436 2445 Theophrast.
451 2376 514 2430 hist.
526 2377 563 2444 pl.

116 2450 301 2512 1111-
327 2449 564 2501 damascenas

116 2519 198 2574 eodd.
219 2518 564 2586 11289-11111111111

116 2597 144 2645 et
176 2594 325 2658 peretrum,
362 2588 564 2656 pirretrum,

115 2665 318 2730 pyretrum‚
355 2657 564 2727 pyrethrum

116 2731 200 2787 codd.
227 2735 257 2783 et
280 2729 322 2782 45.
343 2730 403 2782 ‘lia
424 2729 484 2783 274.
505 2729 564 2783 369.

115 2802 255 2872 pyritrum
280 2801 307 2853 in
327 2799 449 2854 Aethion
469 2801 565 2854 Hiero-

116 2873 193 2942 nymi
212 2871 255 2932 55,
270 2870 311 2923 14.
331 2869 504 2924 officinarum
516 2887 565 2939 py-

117 2942 203 2997 rethri
225 2940 313 3003 radix,
338 2939 404 3009 gall.
424 2941 566 3012 pyrethra,

116 3013 176 3067 ital.
211 3011 324 3080 pilatro‚
356 3011 426 3079 hisp.
457 3012 567 3080 pelitre.

91 3083 199 3138 ¹nobis
230 3081 463 3145 bertramwurnel
496 3098 567 3152 quae

118 3154 185 3223 quia
203 3157 288 3221 gustu
311 3151 496 3207 fervidissimo
516 3157 568 3217 ost,

117 3228 263 3292 γευσαμένῳ
272 3224 435 3292 πυρωτικωτά
441 3244 468 3288 1η
474 3224 567 3278 Dioso,

617 1600 708 1656 culum
727 1600 785 1655 ltin.
797 1601 913 1672 dragun,
933 1605 990 1657 eatr
1029 1618 1065 1657 on

617 1670 775 1726 errlinarum.
813 1702 844 1710 —
880 1671 1002 1727 suffun
1034 1673 1065 1728 11

618 1743 1066 1811 179--11111111111111111111-

616 1828 669 1881 que
689 1814 771 1868 eodd.
792 1843 824 1852 -
844 1814 1065 1871 (1111111140.

615 1883 695 1937 Hum.
716 1899 784 1939 eorr.
805 1899 856 1952 pro
876 1885 974 1940 dunis
990 1885 1066 1954 quod

615 1955 655 2009 111
663 1952 825 2010 delendam:
837 1972 941 2024 ooquus
949 1957 1065 2010 cumim-

617 2031 747 2093 peratore
761 2023 944 2081 conferendus
964 2027 1065 2094 (Plaut.

618 2095 729 2149 Truerrl.
756 2097 780 2159 2,
808 2097 831 2159 7,
850 2096 893 2150 114.
921 2097 960 2161 ,si
980 2103 1010 2152 tu
1029 2097 1066 2151 ad

618 2165 755 2234 legionem
780 2167 903 2221 bellator
927 2168 1012 2230 elues,
1037 2173 1068 2221 at

613 2253 672 2305 ego
691 2237 719 2289 in
736 2237 826 2292 eulina
841 2237 941 2292 Ares“.
961 2237 1066 2292 Athen.

618 2308 643 2372 9,
663 2309 705 2360 2‘2.
727 2323 796 2361 vers.
816 2307 850 2361 43
866 2309 956 2376 seqq.)
975 2308 1005 2362 id
1018 2324 1068 2378 gu·

617 2383 690 2431 stum
717 2377 803 2441 ducit,
831 2379 909 2445 operi
936 2379 1068 2446 primario

618 2453 738 2515 praeest,
758 2455 788 2501 ut
807 2448 855 2502 alii
874 2449 1000 2512 classem,
1025 2466 1069 2505 or·

619 2518 707 2580 dines,
725 2515 815 2582 funus,
835 2517 958 2583 chorum,
973 2519 1068 2574 ludum

619 2588 732 2651 ducunt,
761 2590 837 2658 quod
856 2596 900 2644 est
921 2591 1068 2658 principes,

619 2659 704 2714 duoes
715 2667 788 2723 suut,
797 2669 939 2728 praesunt,
950 2661 995 2715 vel
1007 2676 1068 2716 oum

618 2736 705 2799 poeta
725 2729 770 2797 (es.
791 2731 894 2785 Athen.
915 2733 939 2795 1,
961 2727 1069 2798 13111.)

620 2801 666 2870 qui
693 2816 770 2868 epos,
796 2817 905 2856 carmen
931 2803 1016 2857 duait.
1037 2831 1070 2842 -

620 2871 725 2925 dulce
749 2872 776 2924 in
795 2879 926 2941 quatuor,
946 2873 983 2928 ad
1003 2873 1070 2929 Gar·

621 2941 668 3010 gil.
689 2957 744 2995 our.
764 2942 849 2996 boum
867 2959 894 3011 p.
914 2945 957 2998 41.
977 2945 1019 2996 42.

675 3012 711 3065 ad
733 3013 790 3065 182.
811 3013 975 3070 oleribus
994 3029 1069 3067 men·

622 3082 693 3136 dosa
711 3082 796 3137 leotio
817 3084 935 3148 videtur,
955 3101 1016 3139 eum
1036 3084 1072 3138 de

621 3153 715 3208 bulbis
743 3154 860 3209 dicatur.
893 3155 998 3211 11111111
1027 3152 1071 3208 vel

622 3225 706 3278 aliis
732 3225 847 3288 rebus,
872 3227 917 3283 vel
945 3227 1074 3281 balea·

118 3298 143 3357 3,
156 3296 197 3349 78.
219 3301 245 3349 11
264 3309 348 3362 supra
366 3295 408 3348 45.
429 3296 569 3349 minimum
625 3295 723 3350 ribus
742 3295 800 3350 soil.
822 3296 922 3360 bulbis,
949 3314 983 3351 ox
1002 3297 1072 3350 Plin.

119 3366 241 3420 addatur
265 3365 366 3420 suadet
391 3382 504 3434 coquus.
531 3366 571 3420 sie
627 3367 668 3429 19,
687 3366 732 3422 94.
748 3397 776 3403 -
798 3369 967 3436 ungellas
987 3382 1074 3435 ungu·

119 3438 203 3498 olim,
220 3452 293 3490 nune
318 3452 378 3490 oum
402 3436 570 3491 Dierbaehio
624 3436 675 3499 las,
695 3443 832 3491 extremas
858 3445 953 3505 paries
971 3439 1074 3506 pedum

120 3515 216 3562 nostro
243 3508 315 3560 llor.
342 3509 406 3575 apio
426 3513 447 3571 ᾖ.
468 3509 510 3562 89.
531 3508 570 3560 in·
624 3508 776 3569 suillorum,
797 3523 867 3576 quae
887 3509 1075 3564 numerandae

121 3584 259 3648 terpretor
275 3578 443 3632 artemisiam
455 3579 570 3633 draoun·
624 3579 652 3631 in
670 3578 832 3648 ἅκροκωλίοω
855 3587 885 3634 11
903 3580 1014 3649 saepius
1047 3580 1074 3634 in

563 3899 827 4019 4821181
