2362 4178
464 421 525 481 Lib.
544 424 592 483 IIL
629 425 760 499 Oepuroa
1047 433 1091 501 53

147 592 232 652 natm
264 588 296 649 et
317 604 430 668 porros
452 588 614 669 requietus
638 589 782 670 elixabis,
810 592 843 656 in
873 600 993 676 patena
1016 616 1090 662 oon-

145 693 250 758 pones.
282 683 366 743 teres
397 677 500 762 piper,
532 679 689 762 cirninum,
721 681 886 747 suffundes
920 684 1090 768 liquamen,

143 785 280 848 passum,
304 773 338 830 ut
361 767 519 847 quaedam
543 768 680 835 dulcedo
704 771 751 835 sit.
776 769 877 835 facias
901 777 935 835 ut
956 770 1090 856 ferveat,

143 874 210 919 oum
235 855 395 934 fervuerit,
419 855 548 922 inferes.
573 857 716 923 similiter
738 858 936 942 polipodium
959 860 992 925 in
1010 861 1091 944 tepi-

140 942 212 1006 dam
243 944 359 1023 mittcs,
391 944 444 1008 ubi
467 946 623 1026 mollierit,
654 946 749 1011 rades
780 952 811 1012 et
833 947 985 1012 minutum
1021 970 1092 1014 cum

138 1038 251 1121 pipere
276 1040 307 1100 ct
331 1032 445 1097 cimino
468 1035 574 1098 tritum
597 1035 630 1098 in
653 1042 803 1120 patenam
827 1034 1003 1103 ferventem
1023 1038 1092 1105 mit·

136 1134 186 1193 tes
213 1133 245 1191 et
268 1123 373 1190 uteris.

147 1250 150 1255 ’
206 1216 258 1280 63.
283 1212 384 1279 Aliter
399 1210 442 1276 ad
461 1221 622 1277 ventrem:
646 1210 756 1279 faeces
776 1212 972 1277 betaciorum
991 1213 1092 1280 facies

137 1303 275 1386 detergi,
299 1320 340 1366 ne
364 1300 463 1379 laves,
486 1301 520 1364 in
544 1319 599 1365 eos
621 1301 655 1364 in
678 1300 817 1367 medium
836 1301 961 1383 nigrum
981 1322 1092 1386 aspar·

136 1412 197 1475 ges
229 1398 262 1458 et
292 1388 419 1470 alligas,
452 1389 594 1471 singulos
624 1389 730 1455 fasces
760 1389 876 1470 mittes,
900 1389 933 1454 in
956 1410 1093 1472 aequam

137 1500 211 1548 oum
235 1480 371 1558 coxeris,
397 1476 528 1543 condies
551 1483 714 1560 patenam,
739 1498 809 1543 cum
830 1477 943 1570 eadem
963 1498 1094 1564 passum

136 1675 235 1730 mittes
256 1680 286 1729 et
305 1680 399 1730 coctas
419 1691 480 1730 cum
500 1690 533 1729 eo
552 1675 592 1730 in-

136 1745 220 1801 feres.
249 1746 290 1801 sic
310 1747 350 1800 73.
379 1749 539 1802 cucurbitae
564 1747 592 1802 in

136 1817 237 1886 patina
256 1816 417 1872 inferuntur.
438 1819 534 1887 quales
551 1817 592 1873 di-

138 1893 206 1943 ount
232 1889 401 1956 patinarias,
429 1890 591 1953 iurulentae,

138 1959 242 2015 Graeci
266 1957 294 2008 ἓν
319 1958 426 2026 τηγάνῳ,
453 1959 480 2011 ἓν
498 1959 592 2010 λοπάδι

137 2032 321 2093 σκευαζομένας
350 2061 382 2070 -
411 2033 538 2099 patina
563 2038 592 2086 et

136 2105 275 2169 patena
301 2117 315 2154 e
334 2102 412 2155 varia
430 2104 590 2171 pronuntia·

137 2172 218 2225 tione
237 2171 375 2234 scribitur,
396 2177 424 2227 et
443 2175 476 2228 63
497 2175 530 2227 72
545 2189 589 2241 ap.

140 2241 249 2296 Colum.
272 2243 314 2305 12,
324 2242 367 2305 44,
378 2245 402 2297 3.
423 2243 457 2297 cf.
471 2243 588 2299 Phaedr.

138 2312 182 2374 26,
202 2311 227 2364 4.
257 2313 304 2366 ubi
323 2313 422 2381 vulpes
440 2316 468 2368 in
486 2320 590 2383 patena

138 2383 275 2452 liquidam
295 2384 390 2451 posuit
400 2385 588 2441 sorbitionem.

138 2458 171 2506 ut
189 2459 290 2520 patara
308 2470 407 2509 nomen
419 2456 590 2525 habetapa·

139 2524 265 2578 tentibus
285 2525 477 2596 dispansisque
503 2527 589 2582 labris

138 2599 168 2649 et
188 2593 222 2648 ci.
244 2593 350 2660 πατάνη.
374 2627 405 2636 -
434 2614 485 2665 pro
510 2598 589 2652 dul-

136 2664 226 2719 cedo
246 2665 274 2719 in
294 2666 382 2720 tribus
402 2668 482 2722 codd.
504 2674 533 2722 et
545 2668 587 2724 ed.

135 2751 176 2804 pr.
209 2735 377 2790 ducenda.
408 2769 440 2775 —
466 2739 499 2792 in
519 2744 586 2807 tep.

135 2805 266 2860 mittes
285 2807 381 2874 tepida
400 2823 474 2875 aqua
492 2810 587 2864 mode-

136 2874 232 2939 facies,
259 2877 330 2930 Plin.
357 2878 400 2940 26,
426 2879 468 2932 58.
493 2896 508 2933 e
532 2896 587 2948 quo

136 2952 217 3014 patet
248 2948 414 3012 „minutum“
450 2965 510 3003 cum
538 2966 587 3004 no-

135 3017 437 3087 mine„polypodium“
452 3035 513 3074 esse
528 3021 586 3073 iun·

133 3088 264 3155 gendum.
279 3119 311 3124 —
330 3089 492 3143 ciminum
504 3090 586 3145 codd.

134 3187 161 3195 -
193 3159 226 3211 in
254 3163 418 3226 patenam
444 3161 472 3213 in
497 3161 586 3228 ipsum

134 3225 270 3282 ferculum
290 3244 311 3282 s.
332 3229 422 3283 oibum
438 3231 466 3283 in
483 3236 587 3298 patena

133 3305 254 3361 coctum,
282 3297 501 3368 pfannegerioht.
530 3317 585 3355 non

132 3369 223 3422 minus
243 3384 328 3437 saepe
347 3385 441 3424 mensa
460 3372 521 3439 ipso
533 3388 584 3439 pro

132 3439 228 3494 edulio
254 3446 296 3494 est
321 3447 349 3494 et
368 3440 487 3508 Tedusia.
524 3442 585 3500 lan.

132 3510 169 3562 ad
189 3510 312 3564 Macrob.
332 3516 384 3564 sat.
402 3512 426 3573 7,
438 3512 462 3574 1,
474 3513 496 3564 1.
527 3511 584 3567 Sei-

132 3579 173 3635 ler
193 3580 231 3636 ad
252 3582 341 3652 Loug.
359 3582 385 3645 3,
398 3582 425 3642 7.

700 1673 736 1728 ad
756 1675 798 1729 63.
827 1673 902 1729 Tota
926 1674 1093 1743 compositio

647 1744 727 1800 deest
746 1745 773 1800 in
792 1744 835 1800 ed.
856 1760 896 1811 pr.
921 1744 1020 1799 addita
1038 1745 1094 1799 ianr

646 1816 682 1870 ab
701 1817 784 1873 Hum.
803 1815 879 1870 cuius
892 1815 1033 1870 inventurn
1048 1814 1094 1869 sa-

646 1888 719 1942 oies
756 1888 982 1942 betaceorum
1024 1885 1094 1941 las·

646 1973 710 2021 cas.
730 1958 911 2026 deterges,
929 1957 1039 2022 laves,
1058 1957 1094 2014 in

645 2044 764 2085 eorum
789 2028 943 2083 medium
961 2029 1093 2083 nitrum

645 2116 714 2168 asp.
725 2100 823 2155 rideas.
836 2099 962 2153 codicum
974 2098 1092 2164 „facies“

645 2168 1093 2233 tenendumsedeorumfacies

645 2241 724 2308 (facit
755 2243 784 2306 π)
813 2239 942 2293 mendum
970 2246 1013 2294 est
1040 2255 1092 2307 pro

644 2311 776 2374 faeces,
801 2309 862 2364 vult
886 2310 957 2363 enim
979 2309 1092 2374 „sordes

644 2384 774 2451 absterge
791 2398 840 2436 seu
858 2385 980 2447 amputa,
999 2379 1093 2435 faecu-

643 2450 1092 2514 lentiamtolle,sohlamm.beta·

644 2522 1092 2586 ciorumexssbetatinreli-

644 2595 713 2664 quis,
724 2595 819 2662 sicque
828 2594 937 2646 variant
956 2592 997 2645 64.
1009 2592 1092 2646 scribi

643 2671 775 2732 oportere
789 2664 941 2732 puleiacius
958 2668 987 2716 et
1005 2663 1093 2730 pasti·

642 2737 737 2789 naoius
766 2751 810 2803 ap.
839 2733 954 2788 Salmas.
980 2732 1008 2786 in
1033 2733 1090 2787 Sol.

642 2823 668 2875 p.
687 2807 747 2860 583.
764 2803 1091 2872 b.ma1vaciusap.Plin.

642 2878 686 2942 21,
707 2878 747 2929 19.
768 2875 900 2929 Priscian.
920 2869 999 2928 3fin.
1019 2875 1093 2942 rapi·

642 2947 700 3001 cius
720 2962 768 3000 seu
779 2946 907 3013 rapacius
920 2959 965 3012 ap.
977 2944 1030 2998 Oat
1047 2945 1090 3008 35,

641 3018 665 3071 2.
687 3017 884 3075 134.1.Pun.
906 3015 1018 3077 18,127
1053 3014 1090 3068 al.

642 3087 689 3141 alii
708 3090 881 3141 monuerunt.
906 3090 970 3138 sunt
982 3084 1090 3152 radices

641 3163 670 3213 et
695 3155 782 3211 fibrae
808 3157 893 3211 betae
912 3155 1035 3222 vulgaris
1062 3156 1090 3208 in

640 3227 729 3282 hortis
747 3226 847 3289 cultae,
864 3225 944 3281 rothe
963 3225 1040 3279 riibe.
1056 3256 1089 3265 -

640 3314 674 3353 ex
694 3314 810 3352 eorum
829 3296 883 3352 feci
908 3311 968 3351 eos
993 3297 1035 3358 in,
1059 3301 1090 3349 ut

642 3370 684 3434 „in
702 3369 839 3422 medium¹⁴
860 3383 909 3422 seu
926 3366 1087 3432 „inmedio“

639 3440 676 3493 sit
690 3439 765 3507 quod
781 3439 931 3502 „interim“‚
950 3436 1087 3490 indessen.

639 3510 675 3563 ad
694 3510 829 3576 nigrum
840 3509 951 3573 (nitrum
962 3525 997 3573 γπ
1006 3506 1088 3561 Hum.

639 3579 675 3639 oi·
694 3581 731 3635 ad
750 3576 855 3652 Gargil.
875 3594 929 3638 our·
949 3578 1086 3637 boumue.
