2362 4178
360 431 420 527 Lib.
440 472 488 529 IV.
524 473 688 529 Pandectes.
964 475 1005 541 97

51 632 238 713 feniculum,
273 634 390 714 betam,
425 634 572 714 malvam,
609 632 776 698 coliculum
811 632 940 697 mollem
973 640 1004 698 et

50 720 171 786 viridia
192 720 369 786 minutatim
394 723 523 787 concisa
544 722 577 785 in
601 724 775 788 caccabum
799 720 903 786 mittis.
945 721 1005 786 Oo-

51 809 145 875 liolos
178 808 288 875 elixas.
322 816 354 873 et
384 815 470 875 teres
499 809 630 874 feniculi
653 830 764 875 semen
788 810 875 890 satis,
901 809 1006 892 origa-

51 918 138 978 num,
163 896 224 960 silfi
248 895 382 984 (piper),
406 898 586 980 ligisticum.
611 905 781 983 postquam
804 898 939 978 triveris,
971 897 1007 961 li-

52 984 204 1068 quamine
226 986 420 1071 temperabis
445 993 476 1050 et
502 1006 599 1071 super
623 987 785 1068 legumina
808 984 951 1053 refundis
976 991 1008 1051 et

51 1072 173 1156 agitas,
201 1073 385 1139 coliclorum
409 1075 531 1139 minuta
554 1094 651 1162 super
674 1074 827 1140 concidis.

124 1163 197 1228 181.
234 1161 404 1227 Gustum
427 1163 642 1228 versatile:
678 1164 768 1228 albas
791 1164 884 1228 betas
905 1161 1006 1226 minu-

51 1255 113 1332 tss,
139 1269 253 1336 porros
276 1250 447 1332 requietos,
472 1251 574 1336 apios,
598 1252 722 1333 bulbos,
748 1252 877 1317 cocleas
895 1249 1006 1316 elixas.

51 1338 181 1422 gigaria
210 1338 381 1425 pullorum,-
410 1340 562 1421 aucellas,
593 1339 685 1406 isicia
714 1359 834 1423 coques
865 1360 905 1405 ex
927 1338 1006 1405 iure.

51 1429 231 1514 perunguis
252 1427 395 1514 patinam
419 1434 451 1493 ct
472 1428 551 1493 solia
572 1429 750 1493 malvarum
777 1428 952 1495 substernis
976 1434 1008 1494 et

51 1515 216 1603 promixta
239 1516 328 1582 olera
351 1515 509 1601 conponis
532 1517 613 1583 sieut
635 1518 720 1599 laxa,
749 1516 915 1603 permissis
938 1517 1006 1585 bul-

52 1606 113 1671 bos
135 1604 293 1687 inverscs,
317 1603 522 1687 damascena,
552 1606 689 1688 cocleas,
718 1605 818 1688 isicia,
842 1605 1007 1672 lucanicas

52 1779 200 1852 qualitatis
218 1782 247 1835 in
264 1781 366 1837 Edicto
376 1780 465 1837 Diool.
477 1782 502 1845 6,
557 1787 601 1837 est
619 1781 752 1837 ferculum
773 1781 849 1851 quod
867 1788 1006 1851 gustatur,

52 1854 77 1908 9.
89 1853 132 1907 10.
144 1852 180 1907 de
199 1852 354 1921 quibusque
364 1854 433 1907 satis
444 1852 500 1908 dio·
556 1853 662 1907 dietum
680 1853 716 1907 ab
737 1853 903 1908 excellentia
921 1868 1004 1921 sapo-

52 1929 112 1978 tnm
137 1923 211 1978 inter
234 1923 317 1978 Olera
340 1939 367 1991 p.
387 1924 429 1977 35.
456 1924 501 1978 vel
556 1925 593 1978 ris
613 1930 642 1978 et
655 1923 843 1991 splendidiore
868 1928 1007 1992 apparatu

53 1993 168 2049 feniculi
186 1994 332 2049 coliculum
351 2011 385 2047 ιιι.
406 1995 453 2063 qui
472 2001 503 2049 ut
556 1994 675 2063 hincque
694 1996 869 2062 potissimum
896 1994 931 2049 de
950 1996 1006 2049 ien-

53 2065 111 2132 apii
135 2064 219 2132 apud·
237 2063 344 2119 Colum.
370 2066 411 2128 12,
432 2065 456 2128 l,
477 2067 501 2120 1.
556 2066 651 2119 taculo
670 2071 820 2134 usurpatur
838 2072 867 2120 et
881 2066 1007 2120 converti

55 2136 82 2189 in
101 2151 181 2190 usum
200 2134 349 2203 colligitur.
370 2135 502 2190 culicu-
556 2142 652 2204 potest
688 2152 833 2199 voressen,
877 2136 1007 2206 eingang,

55 2205 125 2260 lum
142 2206 252 2261 molle
270 2205 298 2259 in
309 2206 436 2260 omnibus
446 2205 504 2261 fere
559 2207 712 2274 comparari
733 2206 875 2261 Gallorum
894 2208 1006 2274 ragodt,

58 2276 138 2332 codd.
166 2307 198 2314 -
222 2276 328 2331 viridi
354 2276 434 2332 codd.
454 2279 504 2331 vi·
557 2277 618 2344 plat
649 2276 684 2331 dc
711 2277 789 2345 gout,
824 2275 1006 2344 gesebmaclr-

58 2347 134 2402 ride
154 2345 198 2402 ed.
218 2362 258 2413 pr.
279 2347 306 2400 in
325 2363 381 2416 qua
397 2362 451 2400 una
461 2354 505 2402 est
557 2347 657 2414 speise,
677 2348 809 2400 Italorum
833 2362 942 2414 sapore.
971 2344 1005 2400 cs.

58 2416 503 2484 minutatimprominutaco-
559 2419 618 2471 182.
646 2419 704 2470 183.
726 2418 783 2470 134.
803 2416 906 2472 Athen.
927 2417 953 2481 4,
974 2417 1006 2471 ll

60 2489 147 2542 dicum
160 2488 208 2556 qui
215 2488 276 2541 209.
289 2489 364 2541 mina
373 2489 505 2544 offerunt.
557 2483 605 2544 fin.
625 2487 651 2549 4,
672 2490 712 2540 19.
730 2488 756 2550 6,
766 2488 810 2541 47.
822 2489 862 2551 14,
873 2489 916 2542 83.
935 2507 1005 2553 ματ-

61 2588 90 2596 -
109 2558 225 2614 elixas
244 2573 277 2611 ex
297 2560 348 2613 209
368 2575 419 2626 pro
439 2559 503 2613 eli·
557 2558 618 2621 τὺης
643 2573 692 2611 seu
710 2558 832 2623 ματτύας.
858 2558 893 2612 de
917 2557 1008 2612 adice·

60 2645 126 2684 ros.
145 2629 502 2697 lacunaintproeavoee.
558 2630 617 2682 tivo
645 2628 682 2681 ad
711 2630 771 2682 122.
800 2660 833 2667 -
861 2628 1008 2683 ablatas

63 2715 182 2768 -quaa
202 2701 504 2767 sequunturaromati-
558 2700 626 2753 bet.
656 2713 713 2766 par.
740 2705 769 2753 et
797 2699 839 2753 ed.
868 2715 908 2768 pr.
939 2714 1008 2768 quas

10 2794 12 2799 ·
63 2784 107 2824 cae
130 2769 235 2825 herbae
259 2776 324 2824 sunt
348 2771 451 2825 aridae.
472 2800 504 2808 -
559 2770 733 2837 explicabam
760 2769 919 2833 translatas,
949 2786 1010 2824 ver-

10 2820 15 2937 ξ
63 2841 210 2896 triveris
229 2856 264 2895 ex
281 2842 342 2896 209.
354 2857 415 2895 cum
425 2841 504 2894 Huni.
560 2845 658 2902 setate,
678 2857 711 2894 ex
730 2841 801 2896 Plin.
826 2841 1009 2904 19,133.135.

10 2942 13 2973 ,
64 2925 109 2977 pro
128 2911 507 2979 tribueris-agites
560 2911 606 2965 vel
634 2917 789 2978 perceptas,
823 2911 850 2964 in
882 2910 1009 2966 borreum

65 2982 193 3050 ooagites.
214 3011 246 3019 -
273 2982 506 3036 coliculorum
562 2981 703 3044 collectas,
732 2998 766 3034 ex
795 2981 884 3036 Diezii
912 2983 964 3036 lox.
983 2981 1009 3034 (1.

66 3051 167 3106 illorum
186 3052 296 3106 interim
310 3058 461 3108 coctorum.
474 3083 505 3089 —
561 3068 627 3105 rom.
639 3067 693 3118 spr.
714 3067 740 3119 p.
752 3053 793 3105 53.
815 3067 886 3120 quae
896 3067 1011 3119 respon-

66 3122 212 3177 minutas
232 3122 313 3177 codd.
333 3124 506 3177 minutias
561 3123 659 3176 darent
677 3124 767 3190 porris
786 3123 927 3191 requietis,
952 3122 1010 3190 qui·

67 3190 140 3248 llum.
157 3194 344 3261 interpretans
369 3194 507 3261 praecisu-
561 3194 677 3248 buscum
696 3194 779 3247 betae
798 3199 827 3247 et
840 3195 883 3247 69.
894 3193 1011 3261 iungun-

69 3276 106 3317 rss
138 3264 345 3332 particulasque
379 3265 406 3318 in
438 3279 507 3333 quas
561 3271 614 3318 tur.
645 3294 676 3300 -
705 3265 809 3331 apios
837 3264 940 3318 virides
968 3264 1010 3316 48.

71 3335 163 3390 eonem
181 3341 247 3389 sunt
265 3336 383 3390 coliculi.
563 3350 624 3388 curn
650 3335 706 3389 suis
725 3335 865 3388 radicibus
886 3335 928 3388 65.
955 3333 1011 3401 apii

115 3407 150 3460 ad
170 3407 228 3460 181.
254 3413 399 3474 gustum
418 3422 438 3460 s.
459 3421 509 3473 gu·
563 3405 710 3469 hortensis,
737 3405 927 3474 graveolentis
952 3405 1010 3456 Lin.

73 3479 130 3539 tus,
139 3476 263 3546 gustatio
271 3477 395 3531 Petronii
405 3478 447 3530 91.
466 3478 509 3530 31.
563 3476 673 3537 bulbos,
692 3475 913 3537 selleriewurzcl,
932 3475 1013 3529 selle-

75 3548 202 3610 ssnstnluru
221 3547 326 3614 Apulei
345 3554 409 3602 met.
430 3547 508 3609 210.
564 3545 716 3614 riekoepfe,
742 3546 787 3601 vel
812 3546 916 3617 speciei
941 3545 1014 3601 itali-

75 3619 144 3682 popo
166 3618 214 3686 (ad
239 3617 360 3689 Hesych.
382 3619 510 3682 invoa),
566 3632 624 3680 cae,
651 3632 721 3684 quae
746 3618 773 3670 in
793 3617 928 3684 Hispania
947 3617 1014 3672 dioi-

36 3696 40 3701 ’
98 3702 117 3743 0.
131 3706 218 3759 Apicius
233 3709 268 3748 ed.
283 3707 377 3748 Schucb.
893 3721 908 3779 p
