2362 4178
181 391 224 463 10
583 392 734 452 Prasstio.

178 561 275 639 atque
300 555 362 622 olei
385 556 618 640 absumpserim
632 556 686 620 vix
706 575 822 637 queam
835 553 953 636 dicere,
979 575 1051 621 oum
1067 555 1137 640 plu-

178 662 266 746 rimis
296 663 437 748 undique
467 665 652 730 vulneribus
683 663 852 730 confossus
884 669 970 730 esset
999 664 1137 748 ipsaque

178 769 434 855 interpunctione
458 769 655 837 deformatus
679 777 711 835 11
733 770 969 854 pessumdatus
1001 769 1044 837 de
1069 771 1136 854 qui-

179 878 240 942 bus
263 883 371 951 autem
399 877 479 944 locis
509 878 713 960 ambigebam
744 898 849 960 neque
872 878 1032 944 sinceram
1056 878 1137 944 reri·

179 987 278 1049 tatem
314 1004 426 1050 cruere
460 984 600 1066 mihique
636 984 775 1051 eandem
809 985 958 1052 incudem
989 984 1136 1051 tundenti

179 1089 307 1174 penitus
340 1090 528 1158 satisfacere
561 1097 718 1175 poteram,
750 1111 807 1158 cos
842 1091 978 1158 aliorum
1011 1090 1137 1159 indiciis

180 1196 392 1281 pensitandos
414 1196 687 1280 castigandosquc
706 1197 820 1279 reliqui
846 1199 943 1283 (inter
966 1198 1049 1264 alios
1065 1203 1137 1264 sunt

182 1304 213 1370 3.
235 1304 288 1368 40.
312 1306 365 1369 41.
393 1307 465 1371 126.
494 1308 566 1372 135.
590 1307 663 1372 151.
687 1307 1135 1373 160.179.187.188.189.

147 1456 150 1459 -
182 1410 256 1476 200.
282 1412 357 1477 202.
382 1413 458 1478 206.
484 1414 559 1478 207.
585 1414 659 1478 211.
685 1414 760 1477 221.
782 1413 858 1478 236.
877 1414 952 1478 239.
967 1413 1043 1478 245.
1062 1412 1134 1478 248.

181 1518 258 1584 249.
283 1519 357 1584 252.
384 1521 459 1585 255.
484 1521 559 1586 268.
585 1521 659 1585 271.
685 1521 760 1586 287.
781 1521 856 1586 294,
875 1520 950 1585 295.
967 1520 1044 1585 303.
1061 1519 1136 1586 359.

183 1625 258 1692 386.
291 1627 366 1692 406.
398 1625 492 1712 442.)
519 1634 616 1709 utque
646 1627 679 1691 in
709 1647 833 1692 summa
856 1626 962 1691 dicam
986 1632 1136 1708 quantum

182 1732 257 1800 hnic
278 1735 361 1798 libro
393 1735 465 1818 opis
488 1735 645 1801 attulerim
678 1734 731 1816 qui
755 1733 894 1799 candida
917 1739 1025 1798 mente
1049 1739 1081 1798 et
1102 1733 1136 1798 li-

180 1859 259 1905 uore
281 1848 420 1924 purgata
441 1840 546 1924 ipsum
567 1842 693 1908 curiose
707 1841 895 1906 lectitabunt
918 1846 950 1906 et
965 1859 1039 1906 cum
1054 1840 1137 1924 prio·

182 1945 270 2011 ribus
303 1946 538 2031 exemplaribus
569 1947 736 2013 conterent
764 1947 861 2013 facile
885 1945 1136 2029 deprehendent

181 2062 224 2118 111
246 2052 422 2118 lectionum
444 2056 603 2119 variarum
627 2055 778 2137 congerie
795 2073 919 2134 cernes,
942 2053 1040 2118 homo
1056 2052 1136 2118 litte·

180 2159 350 2242 ratissime,
382 2181 477 2243 quam
507 2162 640 2245 turpiter
671 2160 850 2244 depravata
873 2160 917 2224 ad
939 2181 1001 2226 nos
1023 2178 1136 2244 pervc-

176 2265 284 2341 nerint
312 2287 352 2333 ea
379 2275 533 2353 excerpta
563 2269 723 2352 apiciana,
754 2274 873 2349 quanta
899 2267 976 2335 ideo
1005 2268 1040 2333 in
1064 2287 1137 2334 con-

164 2374 332 2462 iectando
360 2375 489 2441 licentia
516 2375 674 2459 indulgeri
709 2375 828 2441 debeat
858 2395 1020 2456 quamque
1051 2374 1139 2440 nulla

180 2501 256 2565 spes
287 2483 395 2548 omnia
426 2482 610 2565 corrigendi
638 2482 804 2564 affulgeat
835 2482 1009 2547 nonnullae
1032 2502 1138 2548 emcn-

180 2588 328 2655 dationes
351 2595 425 2656 ante
448 2589 551 2673 pedes
575 2593 675 2670 erant,
698 2592 913 2656 nascebantm
934 2589 1027 2655 citius
1043 2609 1138 2672 quam

180 2697 333 2780 asparagi
356 2703 543 2779 coquuntur,
572 2697 680 2779 plures
712 2695 881 2762 difficulter
912 2701 1025 2779 partae
1056 2701 1138 2761 sunt.

183 2823 294 2870 omnes
324 2805 414 2869 locos
445 2801 619 2869 emendare
641 2803 725 2881 velle
755 2808 804 2868 cst
826 2822 958 2868 arenam
980 2802 1086 2868 metiri
1109 2807 1139 2867 et

180 2910 284 2975 undas
306 2931 484 2977 numerare.
508 2910 563 2975 ubi
586 2929 688 2992 saepe
711 2929 825 2974 saxum
841 2909 927 2973 volvi
943 2909 1140 2991 multumque

180 3017 295 3082 sudavi
319 3024 351 3084 et
366 3018 435 3098 alsi,
461 3017 607 3083 omnibus
623 3016 803 3099 unguiculis
820 3015 968 3081 codicum
983 3015 1140 3080 lectiones

178 3125 275 3190 tenni.
306 3124 341 3189 in
368 3124 486 3190 notulis
516 3124 596 3190 meis
626 3124 772 3190 invenies
803 3123 899 3189 etiam
923 3122 1069 3188 mutilata
1092 3143 1140 3188 ra-

177 3237 286 3297 menta
317 3231 477 3313 quaedam
515 3231 812 3314 interpretationum
843 3236 876 3296 et
913 3231 1141 3296 annotationes

177 3359 284 3421 neque
314 3338 407 3403 nimia
442 3338 559 3402 multas
587 3356 692 3419 neque
722 3339 816 3402 nimis
845 3337 963 3420 longas
987 3375 1029 3384 —
1055 3335 1142 3419 quod

177 3469 243 3514 non
266 3466 347 3531 opus
372 3465 445 3511 csse
469 3465 577 3512 aarum
595 3451 646 3511 est
660 3483 704 3493 —
723 3446 838 3527 quibus
854 3465 933 3511 vcra
949 3444 1047 3510 lectio
1065 3465 1139 3511 con·

178 3555 324 3623 stituatur
346 3575 368 3620 a
390 3551 514 3621 mendis
537 3557 722 3636 repurgata,
754 3552 935 3635 singulares
958 3553 1140 3622 locutiones
