2362 4178
110 394 153 458 64
422 392 484 448 Lib.
501 393 550 447 ΠΙ.
587 392 721 460 Capuros.

179 553 250 615 104.
279 552 437 615 Lactucae
469 572 541 616 oum
571 551 726 634 oxiporio,
758 556 851 616 aceto
876 556 909 616 et
930 549 1052 614 modico
1097 619 1099 629 ,

107 639 280 723 liquamine
304 637 347 703 ad
370 639 583 720 digestionem
599 645 632 704 et
652 639 686 702 in
707 638 878 703 dationem.
1095 639 1098 646 “

178 728 249 791 105.
285 728 326 790 Et
359 747 400 791 ne
434 728 578 792 lactucae
613 726 761 790 laedant:
797 725 904 791 cimini
926 745 1000 790 unc.
1016 725 1055 789 Π.
1097 731 1099 769 ³

109 815 284 897 gingibcris
313 834 385 878 uno.
402 816 428 879 I.
459 821 549 879 mtae
582 814 691 877 viridis
722 834 793 878 uno.
815 815 840 877 Ι.
870 813 1056 878 daotilorum
1096 817 1099 877 ἒ

108 904 273 988 pingnium
296 902 453 984 scripulos
476 904 551 966 XII.
575 902 694 985 piperis
718 922 789 967 unc.
809 903 835 966 I.
859 902 966 966 mellis
988 921 1056 965 unc.

109 992 213 1057 Vllll.
238 991 386 1055 ciminum
406 997 510 1055 autem
530 990 743 1073 aethiopicum
764 995 818 1054 aut
838 989 988 1055 siriacum
1007 994 1057 1052 ant
1098 1010 1099 1014 ¹

108 1079 237 1144 libicum
266 1078 416 1142 infundes
446 1078 479 1141 in
503 1085 605 1158 aceto,
635 1097 707 1142 cum
730 1077 910 1158 siccaverit,
934 1076 1056 1140 tnndes.

110 1173 142 1232 et
164 1174 278 1253 postea
300 1167 395 1231 melle
419 1166 525 1230 omnia
548 1165 793 1248 conprehendis,
826 1185 898 1229 cum
926 1183 1057 1229 neeesse
1098 1171 1099 1176 ’

108 1250 211 1321 fucrit.
244 1255 408 1322 dimidium
429 1254 576 1319 cocleare
606 1274 677 1319 cum
708 1254 881 1336 liquamine
913 1259 946 1318 et
968 1259 1057 1318 aceto

109 1344 236 1409 modico
260 1343 387 1409 misces.
410 1349 465 1407 aut
486 1348 561 1426 post
586 1363 698 1408 cenam
722 1340 889 1406 dimidium
913 1341 1057 1408 cocleare

109 1453 259 1515 acorpres.

179 1521 251 1585 106.
278 1518 459 1584 Carduae
491 1518 672 1600 liquamine,
705 1517 776 1581 oleo
809 1522 841 1583 et
864 1516 933 1581 ovis
958 1515 1057 1581 conci-

110 1608 163 1675 sis.
209 1609 309 1674 Aliter
340 1607 493 1673 carduos:
524 1613 637 1687 mtam,
668 1612 817 1686 mentam,
848 1605 1057 1686 coriandrum,

108 1784 286 1842 bammate
304 1795 352 1854 βπ.
381 1790 555 1845 embamm.
611 1789 733 1858 sitqnod
748 1789 1057 1858 composituminflatia

109 1855 147 1926 γδ.
174 1872 220 1911 em
240 1862 491 1916 embamimata
517 1862 557 1923 ζ,
611 1862 846 1928 praepositionem
880 1861 997 1922 cainani,
1029 1865 1059 1912 ut

109 1926 181 1980 inira
190 1927 250 1980 346.
262 1933 390 1985 scribitur
403 1932 557 1993 embamba.
611 1931 648 1984 sit
676 1932 752 2000 quod
785 1938 891 1986 contra.
924 1932 953 1984 ni
982 1930 1058 1993 valia,

110 1998 228 2053 obamba
241 2013 258 2050 a
272 1998 367 2056 dorica
379 2000 467 2056 forma
482 2002 556 2065 βάμ-
612 2015 672 2055 eam
692 2003 853 2070 absorptam
875 2007 953 2069 puta.

109 2072 145 2132 βα
154 2069 231 2122 vocis
240 2068 331 2135 βάμμα
350 2072 471 2139 (Ahrens
484 2073 557 2125 Dial.
664 2072 701 2125 ad
712 2073 771 2126 105.
791 2072 890 2127 eadem
909 2071 968 2126 fere
987 2087 1057 2126 com·

76 2147 79 2152 “
110 2139 196 2193 (loric⁴
221 2156 247 2207 p.
274 2142 315 2195 86.
342 2144 436 2210 supa).
459 2144 557 2197 eadem
610 2143 714 2209 positio
733 2145 776 2196 33.
801 2159 842 2197 ne
861 2143 1008 2197 laedant
1025 2157 1057 2194 ne

110 2208 181 2263 latet
205 2210 233 2263 in
259 2211 427 2268 Columellao
454 2216 495 2276 12,
514 2213 557 2266 34.
614 2214 748 2274 innatant,
758 2213 808 2267 sed
817 2213 944 2267 sedeant.
964 2213 1056 2266 Horat
1095 2235 1097 2248 =

109 2280 259 2335 bambatae
286 2290 315 2336 et
333 2285 415 2337 Plinii
435 2286 477 2345 20,
498 2284 555 2336 147.
612 2299 692 2336 serm.
717 2287 742 2346 2,
761 2283 787 2346 4,
806 2285 848 2336 59.
875 2286 900 2345 2,
920 2286 946 2346 2,
966 2284 1006 2336 73.
1025 2311 1057 2322 -
1095 2285 1097 2326 3

110 2351 272 2414 embamma,
292 2355 557 2429 inbamma,inbam-
612 2354 748 2421 cyminum
768 2372 796 2407 π.
815 2353 973 2422 gorgian.
993 2369 1056 2422 gen·
1095 2378 1098 2447 q

109 2420 148 2475 ba
167 2428 195 2474 et
214 2425 257 2484 22,
277 2424 318 2477 88.
340 2424 374 2478 of.
395 2425 509 2479 Salmas.
530 2425 557 2477 in
611 2424 691 2491 giber
709 2429 754 2486 βθ.
773 2425 902 2493 gingiber
914 2420 953 2489 γδ.
975 2423 1057 2491 zingi-
1096 2459 1098 2468 ·

109 2490 179 2544 Pliu.
205 2508 232 2559 p.
259 2495 319 2546 265.
346 2496 372 2549 b.
393 2527 426 2534 -
452 2501 557 2548 aceto
610 2495 786 2552 beriadltt.
807 2501 868 2547 aut
886 2494 1056 2547 siriacum

109 2561 186 2644 aori
220 2563 326 2617 emend.
356 2581 390 2618 ex
417 2566 478 2619 448.
506 2582 557 2634 pro
611 2565 834 2619 antlibicum
858 2564 1058 2619 tundesoi·

109 2632 558 2785 tataltddtddtdt
611 2635 1057 2759 aeternaitatem

109 2787 150 2825 arc
177 2779 278 2827 vitiose
306 2775 438 2842 scriptum
469 2777 557 2840 ,aceti
610 2795 632 2842 γ.
652 2777 680 2829 in
698 2792 754 2831 uno
770 2779 791 2825 a
807 2781 927 2829 antem
946 2782 997 2830 ost
1016 2789 1057 2828 me

110 2842 187 2910 agri⁴¹
213 2857 257 2910 ap.
277 2844 409 2914 Pelagon.
430 2848 446 2899 6
467 2863 493 2913 p.
514 2847 555 2898 34.
611 2847 758 2901 verborum
787 2847 912 2900 ordinem
937 2852 1057 2900 mutasse
1097 2854 1099 2907 ζ

109 2927 161 2978 pro
175 2914 262 2976 ,aori“
280 2914 296 2966 i
309 2931 332 2969 e.
343 2917 423 2978 acris,
441 2917 478 2971 ad
489 2917 556 2970 Gar·
611 2917 700 2979 vides,
726 2933 760 2971 ne
785 2924 912 2984 pugnent
930 2933 992 2971 cum
1010 2916 1056 2969 illo

109 2983 157 3050 gil.
178 2998 233 3036 cur.
251 2983 469 3054 boum‘ttip.45.
488 2987 557 3039 Bar·
610 2990 653 3041 33.
674 2995 801 3054 postea
820 3016 853 3026 -
872 2986 984 3042 fuerit
1000 2989 1058 3047 exd

109 3052 184 3106 thius
209 3052 285 3108 Adv.
308 3072 334 3123 p.
363 3059 440 3111 1793.
464 3058 556 3110 acri·
610 3058 716 3119 addidi,
735 3065 842 3125 partam
861 3057 998 3113 habeted
1019 3072 1057 3125 pr.

110 3123 272 3178 lactucas
292 3126 414 3182 scribens
434 3128 556 3195 explicat
610 3129 1057 3199 coclearumcloclaarum,
1097 3118 1099 3135 ¹

112 3208 199 3262 ,quae
217 3201 282 3248 sunt
298 3198 411 3253 acrioris
429 3202 555 3266 gustus“,
610 3198 1058 3261 clocleare,ooclearecodd.

110 3280 228 3332 quocum
255 3264 322 3320 facit
345 3269 436 3323 lister
454 3269 491 3323 ob
510 3269 556 3322 sil·
610 3268 645 3322 ci.
671 3269 713 3322 48.
740 3270 798 3323 145.
824 3271 993 3338 accipies
1016 3285 1059 3323 su·
1096 3280 1099 3345 q

109 3337 243 3389 restrium
267 3353 400 3392 summam
425 3341 556 3393 amaritu-
611 3355 675 3394 mes.
1097 3350 1099 3371 ³

110 3405 201 3460 dinem
215 3423 287 3474 prae
309 3411 415 3463 sativis.
664 3409 700 3463 ad
721 3410 779 3464 106.
800 3412 877 3465 ovis
898 3426 991 3465 conc.
1012 3411 1059 3465 ob·

163 3477 272 3532 aoros.
290 3486 325 3533 ct
343 3479 459 3533 inflat.
474 3479 556 3535 codd
611 3480 712 3548 ligabis
732 3481 774 3535 77.
793 3482 851 3535 123.
871 3481 925 3535 334
945 3482 1058 3536 ornabis

110 3561 170 3603 eum
181 3564 280 3604 nomeu
290 3551 408 3619 simplex
422 3566 482 3605 esse
491 3566 555 3619 pos·
609 3551 669 3604 432.
689 3550 744 3605 vel
768 3549 827 3607 flor.
849 3568 910 3606 cum
929 3567 989 3622 par.
1008 3568 1060 3623 pro
